EXCHANGE, RATE BTC/ETH, EXCHANGE, RATE BTC/ETH, MAX AMOUNT, TimeStamp
sell_on_liqui,0.07441604,buy_on_poloniex,0.07388878,0.33595167,2017-09-27 21:43:27 -0400
sell_on_liqui,0.07441604,buy_on_poloniex,0.07388874,0.33595167,2017-09-27 21:44:07 -0400
sell_on_liqui,0.07441604,buy_on_poloniex,0.07388867,0.33595167,2017-09-27 21:44:14 -0400
sell_on_liqui,0.07451289,buy_on_poloniex,0.07386411,19.67100001,2017-09-27 21:44:20 -0400
sell_on_poloniex,0.07375599,buy_on_quadrigacx,0.07325941,0.00230489,2017-09-27 21:44:26 -0400
sell_on_liqui,0.07398998,buy_on_poloniex,0.07354699,0.50157551,2017-09-27 21:44:31 -0400
sell_on_quadrigacx,0.07211111,buy_on_liqui,0.07161029,0.16339775,2017-09-28 08:11:41 -0400
sell_on_poloniex,0.07207091,buy_on_liqui,0.0716,0.13677908,2017-09-28 10:23:37 -0400
sell_on_poloniex,0.07247084,buy_on_liqui,0.07201,0.1131324,2017-09-28 10:29:47 -0400
sell_on_poloniex,0.07250004,buy_on_liqui,0.07201,6.35667578,2017-09-28 10:29:55 -0400
sell_on_poloniex,0.07250016,buy_on_liqui,0.07201,2.92194604,2017-09-28 10:30:07 -0400
sell_on_poloniex,0.07250027,buy_on_liqui,0.07204006,0.35138284,2017-09-28 10:30:19 -0400
sell_on_poloniex,0.07250042,buy_on_liqui,0.07204006,0.35138284,2017-09-28 10:30:33 -0400
sell_on_poloniex,0.07250056,buy_on_liqui,0.0717068,0.02,2017-09-28 10:30:43 -0400
sell_on_poloniex,0.07250064,buy_on_liqui,0.07204006,0.35138284,2017-09-28 10:30:50 -0400
sell_on_poloniex,0.07250075,buy_on_liqui,0.07204006,0.35138284,2017-09-28 10:30:59 -0400
sell_on_poloniex,0.07250086,buy_on_liqui,0.07204006,0.35138284,2017-09-28 10:31:07 -0400
sell_on_poloniex,0.07250095,buy_on_liqui,0.07204006,0.35138284,2017-09-28 10:31:15 -0400
sell_on_poloniex,0.07265,buy_on_liqui,0.0722,0.93114937,2017-09-28 10:32:56 -0400
sell_on_poloniex,0.07265,buy_on_liqui,0.0722,0.82705595,2017-09-28 10:33:07 -0400
sell_on_poloniex,0.07265,buy_on_liqui,0.0722,3.18955591,2017-09-28 10:33:17 -0400
sell_on_poloniex,0.07265,buy_on_liqui,0.0722,0.52298083,2017-09-28 10:33:27 -0400
sell_on_poloniex,0.07260086,buy_on_liqui,0.0719,0.0807001,2017-09-28 10:34:33 -0400
sell_on_poloniex,0.07267574,buy_on_liqui,0.07229216,0.12097242,2017-09-28 10:39:05 -0400
sell_on_poloniex,0.07267574,buy_on_liqui,0.07229217,0.00339788,2017-09-28 10:39:14 -0400
sell_on_poloniex,0.07267574,buy_on_liqui,0.07229217,0.00339788,2017-09-28 10:39:22 -0400
sell_on_poloniex,0.07267668,buy_on_liqui,0.07229217,0.00339788,2017-09-28 10:39:34 -0400
sell_on_poloniex,0.07261089,buy_on_liqui,0.0722,5.0,2017-09-28 10:48:48 -0400
sell_on_poloniex,0.07261093,buy_on_liqui,0.0722,5.0,2017-09-28 10:48:59 -0400
sell_on_poloniex,0.07261102,buy_on_liqui,0.0722,5.0,2017-09-28 10:49:09 -0400
sell_on_poloniex,0.07261046,buy_on_liqui,0.0722,2.35856952,2017-09-28 10:51:11 -0400
sell_on_poloniex,0.07261058,buy_on_liqui,0.0722,0.26370593,2017-09-28 10:51:25 -0400
sell_on_poloniex,0.07261064,buy_on_liqui,0.07219999,0.06208172,2017-09-28 10:51:35 -0400
sell_on_poloniex,0.07261065,buy_on_liqui,0.07219999,0.06208172,2017-09-28 10:51:42 -0400
sell_on_poloniex,0.07261073,buy_on_liqui,0.07219999,0.06208172,2017-09-28 10:51:55 -0400
sell_on_poloniex,0.0727982,buy_on_liqui,0.07219999,0.05208172,2017-09-28 10:52:09 -0400
sell_on_poloniex,0.0727982,buy_on_liqui,0.07226999,2.07422079,2017-09-28 10:52:18 -0400
sell_on_poloniex,0.0727982,buy_on_liqui,0.07226999,2.07422079,2017-09-28 10:52:24 -0400
sell_on_poloniex,0.0727982,buy_on_liqui,0.07226999,0.84298902,2017-09-28 10:52:34 -0400
sell_on_poloniex,0.07265815,buy_on_liqui,0.07226999,1.95427943,2017-09-28 10:52:51 -0400
sell_on_poloniex,0.07265824,buy_on_liqui,0.07226999,1.95427943,2017-09-28 10:53:01 -0400
sell_on_poloniex,0.07265831,buy_on_liqui,0.07226999,1.95427943,2017-09-28 10:53:09 -0400
sell_on_poloniex,0.07265841,buy_on_liqui,0.07226999,0.76826705,2017-09-28 10:53:21 -0400
sell_on_poloniex,0.0726585,buy_on_liqui,0.07226999,0.76826705,2017-09-28 10:53:34 -0400
sell_on_poloniex,0.07265856,buy_on_liqui,0.07226999,0.76826705,2017-09-28 10:53:42 -0400
sell_on_poloniex,0.07261354,buy_on_liqui,0.0722,10.0,2017-09-28 10:54:34 -0400
sell_on_poloniex,0.07261359,buy_on_liqui,0.0722,10.0,2017-09-28 10:54:41 -0400
sell_on_poloniex,0.07261406,buy_on_liqui,0.0722,4.49598712,2017-09-28 10:54:51 -0400
sell_on_poloniex,0.07261421,buy_on_liqui,0.0722,2.8737924,2017-09-28 10:55:04 -0400
sell_on_poloniex,0.07261428,buy_on_liqui,0.0722,2.8737924,2017-09-28 10:55:11 -0400
sell_on_poloniex,0.07263003,buy_on_liqui,0.07226,2.1820752,2017-09-28 10:56:10 -0400
sell_on_poloniex,0.07263003,buy_on_liqui,0.07226,2.1026283,2017-09-28 10:56:19 -0400
sell_on_poloniex,0.07263009,buy_on_liqui,0.07226,0.60060505,2017-09-28 10:56:34 -0400
sell_on_poloniex,0.07265,buy_on_liqui,0.07226,1.8,2017-09-28 10:58:06 -0400
sell_on_poloniex,0.07265,buy_on_liqui,0.07226,1.79999835,2017-09-28 10:58:14 -0400
sell_on_poloniex,0.07250004,buy_on_liqui,0.072025,1.12827738,2017-09-28 11:05:42 -0400
sell_on_poloniex,0.07250004,buy_on_liqui,0.072025,1.12827738,2017-09-28 11:05:54 -0400
sell_on_poloniex,0.07250004,buy_on_liqui,0.07202492,0.0402619,2017-09-28 11:06:07 -0400
sell_on_poloniex,0.07250004,buy_on_liqui,0.07202492,0.0402619,2017-09-28 11:06:18 -0400
sell_on_poloniex,0.07257,buy_on_liqui,0.0722,0.03193,2017-09-28 11:17:21 -0400
sell_on_poloniex,0.07257,buy_on_liqui,0.0722,0.03193,2017-09-28 11:17:33 -0400
sell_on_poloniex,0.07257,buy_on_liqui,0.0722,0.03193,2017-09-28 11:17:47 -0400
sell_on_poloniex,0.07275846,buy_on_liqui,0.07187296,3.60006834,2017-09-28 12:37:44 -0400
sell_on_quadrigacx,0.072071,buy_on_liqui,0.07161029,0.03053507,2017-09-28 13:06:09 -0400
sell_on_quadrigacx,0.072071,buy_on_liqui,0.07148484,0.09426068,2017-09-28 13:41:23 -0400
sell_on_quadrigacx,0.072,buy_on_liqui,0.0714,0.2449,2017-09-28 13:42:55 -0400
sell_on_liqui,0.07259998,buy_on_poloniex,0.07221546,0.50595085,2017-09-28 14:10:07 -0400
sell_on_liqui,0.07259998,buy_on_poloniex,0.07213097,0.02157572,2017-09-28 14:13:23 -0400
sell_on_liqui,0.07259998,buy_on_poloniex,0.07221619,12.8,2017-09-28 14:14:13 -0400
sell_on_liqui,0.07259998,buy_on_poloniex,0.07221616,8.28661551,2017-09-28 14:14:27 -0400
sell_on_liqui,0.07259998,buy_on_poloniex,0.07221616,8.28661551,2017-09-28 14:14:40 -0400
sell_on_liqui,0.07259998,buy_on_poloniex,0.07221616,8.28661551,2017-09-28 14:14:49 -0400
sell_on_liqui,0.07259998,buy_on_poloniex,0.07221616,7.14200042,2017-09-28 14:15:02 -0400
sell_on_liqui,0.07259998,buy_on_poloniex,0.07217548,0.47038749,2017-09-28 14:15:16 -0400
sell_on_liqui,0.07259998,buy_on_poloniex,0.07221619,5.24462532,2017-09-28 14:15:41 -0400
sell_on_liqui,0.07259998,buy_on_poloniex,0.07221619,5.24462532,2017-09-28 14:15:55 -0400
sell_on_liqui,0.07259998,buy_on_poloniex,0.07221619,5.22539667,2017-09-28 14:16:07 -0400
sell_on_liqui,0.07259998,buy_on_poloniex,0.07221619,5.22539667,2017-09-28 14:16:18 -0400
sell_on_liqui,0.07259998,buy_on_poloniex,0.07221619,5.22539667,2017-09-28 14:16:28 -0400
sell_on_liqui,0.07259998,buy_on_poloniex,0.07221619,4.67924183,2017-09-28 14:16:36 -0400
sell_on_liqui,0.07259998,buy_on_poloniex,0.07221619,0.00876687,2017-09-28 14:16:50 -0400
sell_on_liqui,0.07259998,buy_on_poloniex,0.07221619,0.00876687,2017-09-28 14:17:01 -0400
sell_on_liqui,0.07259998,buy_on_poloniex,0.07221619,0.00876687,2017-09-28 14:17:07 -0400
sell_on_liqui,0.07259998,buy_on_poloniex,0.07221619,0.00876687,2017-09-28 14:17:19 -0400
sell_on_liqui,0.07259998,buy_on_poloniex,0.07221619,0.00876687,2017-09-28 14:17:33 -0400
sell_on_liqui,0.07259998,buy_on_poloniex,0.07221619,0.00876687,2017-09-28 14:17:45 -0400
sell_on_liqui,0.07259998,buy_on_poloniex,0.07221619,0.00876687,2017-09-28 14:17:56 -0400
sell_on_liqui,0.07259998,buy_on_poloniex,0.07221619,0.00876687,2017-09-28 14:18:08 -0400
sell_on_liqui,0.07259998,buy_on_poloniex,0.07221619,0.00876687,2017-09-28 14:18:21 -0400
sell_on_liqui,0.07259998,buy_on_poloniex,0.07221619,0.00876687,2017-09-28 14:18:28 -0400
sell_on_liqui,0.07259998,buy_on_poloniex,0.07222063,4.66900371,2017-09-28 14:18:42 -0400
sell_on_liqui,0.07259998,buy_on_poloniex,0.07222332,0.44171145,2017-09-28 14:20:07 -0400
sell_on_liqui,0.07259998,buy_on_poloniex,0.07222332,0.44171145,2017-09-28 14:20:21 -0400
sell_on_liqui,0.07259998,buy_on_poloniex,0.07222332,0.44171145,2017-09-28 14:20:30 -0400
sell_on_liqui,0.07259998,buy_on_poloniex,0.07222332,0.44171145,2017-09-28 14:20:44 -0400
sell_on_liqui,0.07259998,buy_on_poloniex,0.07222332,0.44171145,2017-09-28 14:20:55 -0400
sell_on_liqui,0.07259998,buy_on_poloniex,0.07222332,0.44041847,2017-09-28 14:21:07 -0400
sell_on_liqui,0.07259998,buy_on_poloniex,0.07222332,0.44041847,2017-09-28 14:21:16 -0400
sell_on_liqui,0.07259998,buy_on_poloniex,0.07222332,0.39734375,2017-09-28 14:21:30 -0400
sell_on_liqui,0.07259998,buy_on_poloniex,0.07222332,0.39734375,2017-09-28 14:21:42 -0400
sell_on_liqui,0.07259998,buy_on_poloniex,0.07222332,0.39734375,2017-09-28 14:21:51 -0400
sell_on_liqui,0.07259998,buy_on_poloniex,0.07222332,0.39734375,2017-09-28 14:22:05 -0400
sell_on_liqui,0.07259998,buy_on_poloniex,0.07222332,0.21039836,2017-09-28 14:22:18 -0400
sell_on_liqui,0.07259998,buy_on_poloniex,0.07218209,22.1,2017-09-28 14:22:29 -0400
sell_on_liqui,0.07259998,buy_on_poloniex,0.07218209,22.1,2017-09-28 14:22:40 -0400
sell_on_liqui,0.07259998,buy_on_poloniex,0.07222332,0.21039836,2017-09-28 14:22:51 -0400
sell_on_liqui,0.07259998,buy_on_poloniex,0.07222332,0.20961512,2017-09-28 14:23:01 -0400
sell_on_liqui,0.07259998,buy_on_poloniex,0.07222331,0.00150957,2017-09-28 14:23:13 -0400
sell_on_liqui,0.07259998,buy_on_poloniex,0.0722233,0.00150957,2017-09-28 14:23:27 -0400
sell_on_liqui,0.07259998,buy_on_poloniex,0.07222329,0.00150957,2017-09-28 14:23:35 -0400
sell_on_liqui,0.07259998,buy_on_poloniex,0.07222328,0.00150957,2017-09-28 14:23:41 -0400
sell_on_liqui,0.07259998,buy_on_poloniex,0.07222328,0.00137167,2017-09-28 14:23:53 -0400
sell_on_liqui,0.07259998,buy_on_poloniex,0.07222328,0.00137167,2017-09-28 14:24:01 -0400
sell_on_liqui,0.07259998,buy_on_poloniex,0.07214283,12.91131012,2017-09-28 14:24:28 -0400
sell_on_liqui,0.07259998,buy_on_poloniex,0.07214283,12.54525466,2017-09-28 14:24:35 -0400
sell_on_liqui,0.07259998,buy_on_poloniex,0.07214283,12.52299325,2017-09-28 14:24:45 -0400
sell_on_liqui,0.07259998,buy_on_poloniex,0.07214283,12.52299325,2017-09-28 14:24:52 -0400
sell_on_liqui,0.07259998,buy_on_poloniex,0.0722235,0.41724546,2017-09-28 14:25:12 -0400
sell_on_liqui,0.07259998,buy_on_poloniex,0.0722235,0.41724546,2017-09-28 14:25:25 -0400
sell_on_liqui,0.07259998,buy_on_poloniex,0.0722235,0.37595696,2017-09-28 14:25:37 -0400
sell_on_liqui,0.07259998,buy_on_poloniex,0.0722235,0.00986166,2017-09-28 14:25:51 -0400
sell_on_liqui,0.07259998,buy_on_poloniex,0.0722235,0.00986166,2017-09-28 14:26:03 -0400
sell_on_liqui,0.07259998,buy_on_poloniex,0.0722235,0.00986166,2017-09-28 14:26:12 -0400
sell_on_liqui,0.07259998,buy_on_poloniex,0.0722235,0.0094394,2017-09-28 14:26:27 -0400
sell_on_liqui,0.07259998,buy_on_poloniex,0.07223,0.60435692,2017-09-28 14:27:48 -0400
sell_on_liqui,0.07259998,buy_on_poloniex,0.07223,0.60435692,2017-09-28 14:27:55 -0400
sell_on_liqui,0.07259998,buy_on_poloniex,0.07223,0.60435692,2017-09-28 14:28:04 -0400
sell_on_liqui,0.07259998,buy_on_poloniex,0.07222998,0.0024837,2017-09-28 14:28:16 -0400
sell_on_liqui,0.07259998,buy_on_poloniex,0.07222997,0.0024837,2017-09-28 14:28:29 -0400
sell_on_liqui,0.07281775,buy_on_poloniex,0.07224652,0.53513743,2017-09-28 14:30:15 -0400
sell_on_liqui,0.07259998,buy_on_poloniex,0.07222996,13.55475943,2017-09-28 14:30:59 -0400
sell_on_liqui,0.07259998,buy_on_poloniex,0.07222996,13.55475943,2017-09-28 14:31:12 -0400
sell_on_liqui,0.07259998,buy_on_poloniex,0.07222996,13.55475943,2017-09-28 14:31:22 -0400
sell_on_liqui,0.07259998,buy_on_poloniex,0.07222999,0.09940119,2017-09-28 14:31:32 -0400
sell_on_liqui,0.07259999,buy_on_poloniex,0.07222999,0.05570481,2017-09-28 14:31:42 -0400
sell_on_liqui,0.07259999,buy_on_poloniex,0.07222999,0.05570481,2017-09-28 14:31:52 -0400
sell_on_liqui,0.07259999,buy_on_poloniex,0.07222996,0.05570481,2017-09-28 14:32:03 -0400
sell_on_liqui,0.07259998,buy_on_poloniex,0.07222987,13.55475943,2017-09-28 14:32:11 -0400
sell_on_liqui,0.07259998,buy_on_poloniex,0.07222976,3.22724633,2017-09-28 14:32:21 -0400
sell_on_liqui,0.07259998,buy_on_poloniex,0.07222966,13.01251998,2017-09-28 14:32:33 -0400
sell_on_liqui,0.07259998,buy_on_poloniex,0.07222959,13.01251998,2017-09-28 14:32:42 -0400
sell_on_liqui,0.07259998,buy_on_poloniex,0.07222889,13.01251998,2017-09-28 14:32:56 -0400
sell_on_liqui,0.07259998,buy_on_poloniex,0.07222792,0.00156705,2017-09-28 14:33:07 -0400
sell_on_liqui,0.07259998,buy_on_poloniex,0.0722278,13.01251998,2017-09-28 14:33:17 -0400
sell_on_liqui,0.07259998,buy_on_poloniex,0.07214034,0.1923307,2017-09-28 14:33:28 -0400
sell_on_liqui,0.07259998,buy_on_poloniex,0.07214032,0.00359966,2017-09-28 14:33:36 -0400
sell_on_liqui,0.07259998,buy_on_poloniex,0.07222764,1.43052967,2017-09-28 14:33:44 -0400
sell_on_liqui,0.07259998,buy_on_poloniex,0.07222765,10.39974673,2017-09-28 14:33:53 -0400
sell_on_liqui,0.07259998,buy_on_poloniex,0.07222765,10.39974673,2017-09-28 14:34:07 -0400
sell_on_liqui,0.07259998,buy_on_poloniex,0.072227,0.6,2017-09-28 14:34:17 -0400
sell_on_liqui,0.07259998,buy_on_poloniex,0.072227,0.6,2017-09-28 14:34:28 -0400
sell_on_liqui,0.07259998,buy_on_poloniex,0.072227,0.6,2017-09-28 14:34:39 -0400
sell_on_liqui,0.07259998,buy_on_poloniex,0.07214039,15.32123917,2017-09-28 14:34:51 -0400
sell_on_liqui,0.07259998,buy_on_poloniex,0.07222682,13.73189518,2017-09-28 14:34:59 -0400
sell_on_liqui,0.07259998,buy_on_poloniex,0.07218527,0.39513668,2017-09-28 14:35:09 -0400
sell_on_liqui,0.07259998,buy_on_poloniex,0.072227,0.6,2017-09-28 14:35:18 -0400
sell_on_liqui,0.07259998,buy_on_poloniex,0.072227,2.6,2017-09-28 14:35:25 -0400
sell_on_liqui,0.07259998,buy_on_poloniex,0.072227,2.6,2017-09-28 14:35:37 -0400
sell_on_liqui,0.07259998,buy_on_poloniex,0.07222694,13.73189518,2017-09-28 14:35:50 -0400
sell_on_liqui,0.07259998,buy_on_poloniex,0.0722,0.2718076,2017-09-28 14:36:05 -0400
sell_on_liqui,0.07259998,buy_on_poloniex,0.07222681,13.5493096,2017-09-28 14:36:16 -0400
sell_on_liqui,0.07259998,buy_on_poloniex,0.07222677,16.77630566,2017-09-28 14:36:26 -0400
sell_on_liqui,0.07259998,buy_on_poloniex,0.07222668,13.5493096,2017-09-28 14:36:40 -0400
sell_on_liqui,0.07259998,buy_on_poloniex,0.07222662,13.5493096,2017-09-28 14:36:48 -0400
sell_on_liqui,0.07259998,buy_on_poloniex,0.07220001,1.70909487,2017-09-28 14:38:17 -0400
sell_on_liqui,0.07259998,buy_on_poloniex,0.07220001,1.70909487,2017-09-28 14:38:27 -0400
sell_on_liqui,0.07259998,buy_on_poloniex,0.07220001,1.70909487,2017-09-28 14:38:35 -0400
sell_on_liqui,0.0726,buy_on_poloniex,0.07219992,1.03154559,2017-09-28 16:06:32 -0400
sell_on_liqui,0.0726,buy_on_poloniex,0.07219989,0.39394702,2017-09-28 16:06:44 -0400
sell_on_liqui,0.07271741,buy_on_poloniex,0.07232299,4.27800846,2017-09-28 19:13:27 -0400
sell_on_liqui,0.07279913,buy_on_poloniex,0.07234454,0.2130694,2017-09-28 19:15:41 -0400
sell_on_liqui,0.07268001,buy_on_poloniex,0.07230003,0.78412177,2017-09-28 20:31:58 -0400
sell_on_liqui,0.07268,buy_on_poloniex,0.07230003,4.87945626,2017-09-28 20:32:11 -0400
sell_on_liqui,0.07268,buy_on_poloniex,0.07230003,4.87945626,2017-09-28 20:32:21 -0400
sell_on_liqui,0.07268,buy_on_poloniex,0.07230003,4.49779326,2017-09-28 20:32:33 -0400
sell_on_liqui,0.07240001,buy_on_poloniex,0.07203053,0.03061101,2017-09-28 20:55:31 -0400
sell_on_liqui,0.07240001,buy_on_poloniex,0.07200013,0.05331722,2017-09-28 20:58:53 -0400
sell_on_liqui,0.07240001,buy_on_poloniex,0.07200013,0.05331722,2017-09-28 20:59:00 -0400
sell_on_liqui,0.07242507,buy_on_poloniex,0.07199,0.10409732,2017-09-28 21:14:00 -0400
sell_on_liqui,0.07248211,buy_on_poloniex,0.07197601,2.0e-08,2017-09-28 21:19:12 -0400
sell_on_liqui,0.07460155,buy_on_poloniex,0.07208489,4.65620927,2017-09-28 21:31:27 -0400
sell_on_liqui,0.07261811,buy_on_poloniex,0.07208419,0.0037431,2017-09-28 21:33:17 -0400
sell_on_liqui,0.07258637,buy_on_poloniex,0.07208406,0.13273943,2017-09-28 21:33:30 -0400
sell_on_liqui,0.07261811,buy_on_poloniex,0.0719762,0.34998446,2017-09-28 21:33:45 -0400
sell_on_liqui,0.07261811,buy_on_poloniex,0.07197602,0.135543,2017-09-28 21:33:58 -0400
sell_on_liqui,0.07268081,buy_on_poloniex,0.07203624,0.00053883,2017-09-28 21:37:05 -0400
sell_on_liqui,0.07258639,buy_on_poloniex,0.07203627,0.02066503,2017-09-28 21:37:18 -0400
sell_on_liqui,0.07258638,buy_on_poloniex,0.07203619,0.18585995,2017-09-28 21:37:29 -0400
sell_on_liqui,0.07241316,buy_on_poloniex,0.07203616,0.00202929,2017-09-28 21:37:49 -0400
sell_on_liqui,0.07247097,buy_on_poloniex,0.07203609,0.08309073,2017-09-28 21:38:16 -0400
sell_on_liqui,0.07261811,buy_on_poloniex,0.07203628,0.34931593,2017-09-28 21:39:07 -0400
sell_on_liqui,0.07250133,buy_on_poloniex,0.07203628,0.2264433,2017-09-28 21:40:18 -0400
sell_on_liqui,0.07250133,buy_on_poloniex,0.07203628,0.001,2017-09-28 21:40:27 -0400
sell_on_liqui,0.07269862,buy_on_poloniex,0.0720008,0.10415941,2017-09-28 21:47:16 -0400
sell_on_liqui,0.072425,buy_on_poloniex,0.071976,0.30199493,2017-09-28 21:52:53 -0400
sell_on_liqui,0.07235622,buy_on_poloniex,0.07187881,0.35265448,2017-09-28 22:02:30 -0400
sell_on_quadrigacx,0.0721,buy_on_poloniex,0.07172316,1.5213881,2017-09-28 22:12:22 -0400
sell_on_quadrigacx,0.0721,buy_on_poloniex,0.07172316,1.0e-08,2017-09-28 22:12:34 -0400
sell_on_quadrigacx,0.0721,buy_on_poloniex,0.07172316,1.0e-08,2017-09-28 22:12:41 -0400
sell_on_quadrigacx,0.0721,buy_on_poloniex,0.07170863,5.95839112,2017-09-28 22:20:39 -0400
sell_on_quadrigacx,0.0721,buy_on_poloniex,0.07170858,4.2935296,2017-09-28 22:20:48 -0400
sell_on_quadrigacx,0.0721,buy_on_poloniex,0.07170853,4.74455168,2017-09-28 22:20:56 -0400
sell_on_quadrigacx,0.0721,buy_on_poloniex,0.07170805,5.95839112,2017-09-28 22:21:08 -0400
sell_on_quadrigacx,0.072,buy_on_poloniex,0.07160952,0.2449,2017-09-28 22:21:22 -0400
sell_on_quadrigacx,0.072,buy_on_poloniex,0.07160944,0.2449,2017-09-28 22:21:32 -0400
sell_on_liqui,0.07204013,buy_on_poloniex,0.07155742,0.01006708,2017-09-28 22:23:03 -0400
sell_on_quadrigacx,0.07181,buy_on_liqui,0.0714,0.55477336,2017-09-28 22:23:16 -0400
sell_on_quadrigacx,0.07181,buy_on_poloniex,0.07139996,36.62572578,2017-09-28 22:26:12 -0400
sell_on_quadrigacx,0.07181,buy_on_poloniex,0.07139249,16.8,2017-09-28 22:26:21 -0400
sell_on_quadrigacx,0.07181,buy_on_poloniex,0.07139246,3.08729399,2017-09-28 22:26:30 -0400
sell_on_quadrigacx,0.07181,buy_on_poloniex,0.07134482,3.07321548,2017-09-28 22:26:40 -0400
sell_on_quadrigacx,0.07181,buy_on_poloniex,0.07134481,33.04480354,2017-09-28 22:26:52 -0400
sell_on_quadrigacx,0.07181,buy_on_poloniex,0.07134481,24.68018,2017-09-28 22:27:05 -0400
sell_on_quadrigacx,0.07181,buy_on_poloniex,0.07139246,27.46937816,2017-09-28 22:27:19 -0400
sell_on_quadrigacx,0.07181,buy_on_poloniex,0.07139244,2.60476094,2017-09-28 22:27:32 -0400
sell_on_quadrigacx,0.07181,buy_on_poloniex,0.07139243,4.15482519,2017-09-28 22:27:41 -0400
sell_on_quadrigacx,0.07181,buy_on_poloniex,0.0713924,32.72745194,2017-09-28 22:27:54 -0400
sell_on_quadrigacx,0.07181,buy_on_poloniex,0.07139238,4.14568702,2017-09-28 22:28:09 -0400
sell_on_quadrigacx,0.07181,buy_on_poloniex,0.0713719,2.07943427,2017-09-28 22:28:19 -0400
sell_on_quadrigacx,0.07181,buy_on_poloniex,0.07130048,0.97239014,2017-09-28 22:28:28 -0400
sell_on_quadrigacx,0.07181,buy_on_poloniex,0.0713004,0.56423226,2017-09-28 22:28:42 -0400
sell_on_liqui,0.07120322,buy_on_poloniex,0.0705,0.33852812,2017-09-28 22:29:28 -0400
sell_on_liqui,0.07120322,buy_on_poloniex,0.0705,0.02106646,2017-09-28 22:29:35 -0400
sell_on_liqui,0.07121216,buy_on_poloniex,0.0705,0.07394257,2017-09-28 22:29:42 -0400
sell_on_liqui,0.07111164,buy_on_poloniex,0.07051264,0.11935703,2017-09-28 22:31:00 -0400
sell_on_quadrigacx,0.071071,buy_on_poloniex,0.0705121,0.0025,2017-09-28 22:31:14 -0400
sell_on_quadrigacx,0.07100001,buy_on_poloniex,0.0705121,9.15823646,2017-09-28 22:31:20 -0400
sell_on_quadrigacx,0.07100001,buy_on_poloniex,0.07055097,2.22015299,2017-09-28 22:39:33 -0400
sell_on_quadrigacx,0.07100001,buy_on_poloniex,0.070551,9.15823646,2017-09-28 22:39:41 -0400
sell_on_quadrigacx,0.07100001,buy_on_poloniex,0.070551,9.15823646,2017-09-28 22:39:54 -0400
sell_on_quadrigacx,0.07100001,buy_on_poloniex,0.070551,9.15823646,2017-09-28 22:40:06 -0400
sell_on_quadrigacx,0.07100001,buy_on_poloniex,0.07055097,3.22753974,2017-09-28 22:40:16 -0400
sell_on_quadrigacx,0.071,buy_on_poloniex,0.07051699,3.22592598,2017-09-28 22:40:25 -0400
sell_on_quadrigacx,0.071,buy_on_poloniex,0.07055092,2.2506573,2017-09-28 22:40:36 -0400
sell_on_quadrigacx,0.071,buy_on_poloniex,0.07040073,0.06315941,2017-09-28 22:40:46 -0400
sell_on_quadrigacx,0.071,buy_on_poloniex,0.07051696,2.0020638,2017-09-28 22:40:57 -0400
sell_on_quadrigacx,0.071,buy_on_poloniex,0.07051684,3.22753974,2017-09-28 22:41:10 -0400
sell_on_quadrigacx,0.071,buy_on_poloniex,0.07039248,1.84810711,2017-09-28 22:41:21 -0400
sell_on_quadrigacx,0.071,buy_on_poloniex,0.07033194,22.7,2017-09-28 22:41:32 -0400
sell_on_quadrigacx,0.071,buy_on_poloniex,0.07026601,1.43528508,2017-09-28 22:41:44 -0400
sell_on_quadrigacx,0.071,buy_on_poloniex,0.07051683,0.095689,2017-09-28 22:41:53 -0400
sell_on_quadrigacx,0.071,buy_on_poloniex,0.07045751,0.096745,2017-09-28 22:42:02 -0400
sell_on_quadrigacx,0.071,buy_on_poloniex,0.0704575,3.55298787,2017-09-28 22:42:11 -0400
sell_on_quadrigacx,0.071,buy_on_poloniex,0.0704575,2.14272449,2017-09-28 22:42:23 -0400
sell_on_quadrigacx,0.071,buy_on_poloniex,0.0703968,0.33520919,2017-09-28 22:42:33 -0400
sell_on_quadrigacx,0.071,buy_on_poloniex,0.07055098,1.46272899,2017-09-28 22:42:48 -0400
sell_on_quadrigacx,0.071,buy_on_poloniex,0.070551,240.29271771,2017-09-28 22:42:54 -0400
sell_on_quadrigacx,0.071,buy_on_poloniex,0.070551,220.27269769,2017-09-28 22:43:04 -0400
sell_on_quadrigacx,0.071,buy_on_poloniex,0.07055093,11.04899311,2017-09-28 22:43:14 -0400
sell_on_quadrigacx,0.071,buy_on_poloniex,0.0705509,14.66888926,2017-09-28 22:43:26 -0400
sell_on_quadrigacx,0.07125,buy_on_poloniex,0.07055099,0.055659,2017-09-28 22:43:40 -0400
sell_on_quadrigacx,0.07125,buy_on_poloniex,0.07055097,0.68489,2017-09-28 22:43:50 -0400
sell_on_quadrigacx,0.07125,buy_on_poloniex,0.0705,0.008,2017-09-28 22:44:02 -0400
sell_on_quadrigacx,0.07125,buy_on_poloniex,0.07044649,0.00777698,2017-09-28 22:44:15 -0400
sell_on_quadrigacx,0.07125,buy_on_poloniex,0.07044643,0.00777698,2017-09-28 22:44:25 -0400
sell_on_quadrigacx,0.07125,buy_on_poloniex,0.07044635,0.00777698,2017-09-28 22:44:38 -0400
sell_on_quadrigacx,0.07125,buy_on_poloniex,0.0703408,0.00777698,2017-09-28 22:44:46 -0400
sell_on_quadrigacx,0.07125,buy_on_poloniex,0.0705,0.00777698,2017-09-28 22:45:00 -0400
sell_on_quadrigacx,0.07125,buy_on_poloniex,0.07046506,0.00777698,2017-09-28 22:45:14 -0400
sell_on_quadrigacx,0.07125,buy_on_poloniex,0.07051426,0.00777698,2017-09-28 22:45:24 -0400
sell_on_quadrigacx,0.07125,buy_on_poloniex,0.07055098,0.00777698,2017-09-28 22:45:33 -0400
sell_on_quadrigacx,0.07125,buy_on_poloniex,0.07051425,0.00777698,2017-09-28 22:45:47 -0400
sell_on_quadrigacx,0.07125,buy_on_poloniex,0.070551,0.00777698,2017-09-28 22:46:01 -0400
sell_on_quadrigacx,0.07125,buy_on_poloniex,0.070551,0.00777698,2017-09-28 22:46:15 -0400
sell_on_quadrigacx,0.07125,buy_on_poloniex,0.070551,0.00777698,2017-09-28 22:46:28 -0400
sell_on_quadrigacx,0.07125,buy_on_poloniex,0.07055094,0.00777698,2017-09-28 22:46:36 -0400
sell_on_quadrigacx,0.07125,buy_on_poloniex,0.07078244,0.00777698,2017-09-28 22:46:50 -0400
sell_on_quadrigacx,0.07125,buy_on_poloniex,0.07078244,0.00777698,2017-09-28 22:47:02 -0400
sell_on_quadrigacx,0.07125,buy_on_poloniex,0.07078243,0.00777698,2017-09-28 22:47:12 -0400
sell_on_quadrigacx,0.07125,buy_on_poloniex,0.07078244,0.00777698,2017-09-28 22:47:24 -0400
sell_on_quadrigacx,0.07125,buy_on_poloniex,0.07078237,0.00777698,2017-09-28 22:47:33 -0400
sell_on_quadrigacx,0.07125,buy_on_poloniex,0.07082514,0.00777698,2017-09-28 22:47:44 -0400
sell_on_quadrigacx,0.07125,buy_on_poloniex,0.07082134,0.00777698,2017-09-28 22:47:56 -0400
sell_on_quadrigacx,0.07125,buy_on_poloniex,0.07082118,0.00777698,2017-09-28 22:48:07 -0400
sell_on_quadrigacx,0.07125,buy_on_poloniex,0.07082103,0.00777698,2017-09-28 22:48:21 -0400
sell_on_quadrigacx,0.07125,buy_on_poloniex,0.07082096,0.00777698,2017-09-28 22:48:32 -0400
sell_on_quadrigacx,0.07125,buy_on_poloniex,0.07075635,0.00777698,2017-09-28 22:48:39 -0400
sell_on_quadrigacx,0.07125,buy_on_poloniex,0.07075626,0.00777698,2017-09-28 22:48:51 -0400
sell_on_quadrigacx,0.07125,buy_on_poloniex,0.07068144,0.00777698,2017-09-28 22:48:59 -0400
sell_on_quadrigacx,0.07125,buy_on_poloniex,0.0707562,0.00777698,2017-09-28 22:49:13 -0400
sell_on_quadrigacx,0.07125,buy_on_poloniex,0.07075194,0.00777698,2017-09-28 22:49:26 -0400
sell_on_quadrigacx,0.07125,buy_on_poloniex,0.07068554,0.00777698,2017-09-28 22:49:40 -0400
sell_on_quadrigacx,0.07125,buy_on_poloniex,0.07061558,0.00777698,2017-09-28 22:49:49 -0400
sell_on_quadrigacx,0.07125,buy_on_poloniex,0.07061557,0.00777698,2017-09-28 22:50:02 -0400
sell_on_quadrigacx,0.07125,buy_on_poloniex,0.07055097,0.00777698,2017-09-28 22:50:10 -0400
sell_on_quadrigacx,0.07125,buy_on_poloniex,0.07053077,0.00777698,2017-09-28 22:50:19 -0400
sell_on_quadrigacx,0.07125,buy_on_poloniex,0.070551,0.00777698,2017-09-28 22:50:29 -0400
sell_on_quadrigacx,0.07125,buy_on_poloniex,0.07055094,0.00777698,2017-09-28 22:50:43 -0400
sell_on_quadrigacx,0.0711,buy_on_poloniex,0.070552,1.05568865,2017-09-28 22:50:52 -0400
sell_on_quadrigacx,0.0711,buy_on_poloniex,0.07055191,1.05568865,2017-09-28 22:51:06 -0400
sell_on_quadrigacx,0.0711,buy_on_poloniex,0.07054446,1.05568865,2017-09-28 22:51:15 -0400
sell_on_quadrigacx,0.0711,buy_on_poloniex,0.07054438,1.05568865,2017-09-28 22:51:22 -0400
sell_on_quadrigacx,0.0711,buy_on_poloniex,0.07054423,1.05568865,2017-09-28 22:51:33 -0400
sell_on_quadrigacx,0.0711,buy_on_poloniex,0.07053392,1.05568865,2017-09-28 22:51:43 -0400
sell_on_quadrigacx,0.0711,buy_on_poloniex,0.07053376,1.05568865,2017-09-28 22:51:53 -0400
sell_on_quadrigacx,0.0711,buy_on_poloniex,0.07053361,1.05568865,2017-09-28 22:52:05 -0400
sell_on_quadrigacx,0.0711,buy_on_poloniex,0.07053353,1.05568865,2017-09-28 22:52:18 -0400
sell_on_quadrigacx,0.0711,buy_on_poloniex,0.07053001,0.049875,2017-09-28 22:52:25 -0400
sell_on_quadrigacx,0.0711,buy_on_poloniex,0.0705299,1.05568865,2017-09-28 22:52:34 -0400
sell_on_quadrigacx,0.0711,buy_on_poloniex,0.07052978,1.05568865,2017-09-28 22:52:43 -0400
sell_on_quadrigacx,0.0711,buy_on_poloniex,0.07052972,0.05568865,2017-09-28 22:52:52 -0400
sell_on_quadrigacx,0.0711,buy_on_poloniex,0.07052969,0.05568865,2017-09-28 22:53:00 -0400
sell_on_quadrigacx,0.0711,buy_on_poloniex,0.0705296,0.05568865,2017-09-28 22:53:09 -0400
sell_on_quadrigacx,0.0711,buy_on_poloniex,0.07052947,0.05568865,2017-09-28 22:53:20 -0400
sell_on_quadrigacx,0.0711,buy_on_poloniex,0.07052935,0.05568865,2017-09-28 22:53:30 -0400
sell_on_quadrigacx,0.071,buy_on_poloniex,0.0704953,2.20178119,2017-09-28 22:53:42 -0400
sell_on_quadrigacx,0.071,buy_on_poloniex,0.07049521,2.61714069,2017-09-28 22:53:50 -0400
sell_on_quadrigacx,0.071,buy_on_poloniex,0.07049002,0.5542,2017-09-28 22:54:00 -0400
sell_on_quadrigacx,0.071,buy_on_poloniex,0.07052936,4.53797245,2017-09-28 22:54:09 -0400
sell_on_quadrigacx,0.071,buy_on_poloniex,0.07062497,14.57370037,2017-09-28 22:55:01 -0400
sell_on_quadrigacx,0.071,buy_on_poloniex,0.07058607,1.3269195,2017-09-28 22:55:08 -0400
sell_on_quadrigacx,0.071,buy_on_poloniex,0.07053006,0.00380035,2017-09-28 22:55:19 -0400
sell_on_quadrigacx,0.071,buy_on_poloniex,0.07058606,0.07778272,2017-09-28 22:55:29 -0400
sell_on_quadrigacx,0.071,buy_on_poloniex,0.07053005,0.9985,2017-09-28 22:55:38 -0400
sell_on_quadrigacx,0.071,buy_on_poloniex,0.07061301,39.984,2017-09-28 22:55:51 -0400
sell_on_quadrigacx,0.071,buy_on_poloniex,0.07061288,12.59690586,2017-09-28 22:56:05 -0400
sell_on_quadrigacx,0.071,buy_on_poloniex,0.07053005,0.34987459,2017-09-28 22:56:12 -0400
sell_on_quadrigacx,0.071,buy_on_poloniex,0.07055102,10.50425996,2017-09-28 22:56:26 -0400
sell_on_quadrigacx,0.071,buy_on_poloniex,0.07061286,12.08423994,2017-09-28 22:56:34 -0400
sell_on_quadrigacx,0.071,buy_on_poloniex,0.07061285,1.6580518,2017-09-28 22:56:46 -0400
sell_on_quadrigacx,0.071,buy_on_poloniex,0.07054747,12.606,2017-09-28 22:56:58 -0400
sell_on_quadrigacx,0.071,buy_on_poloniex,0.07054748,9.8077564,2017-09-28 22:57:07 -0400
sell_on_quadrigacx,0.071,buy_on_poloniex,0.07054747,1.34840039,2017-09-28 22:57:22 -0400
sell_on_quadrigacx,0.071,buy_on_poloniex,0.07054747,0.38760855,2017-09-28 22:57:36 -0400
sell_on_quadrigacx,0.071,buy_on_poloniex,0.07054747,0.38760855,2017-09-28 22:57:46 -0400
sell_on_quadrigacx,0.071,buy_on_poloniex,0.0704836,11.76953914,2017-09-28 22:58:01 -0400
sell_on_quadrigacx,0.071,buy_on_poloniex,0.0706,3,2017-09-28 22:58:09 -0400
sell_on_quadrigacx,0.071,buy_on_poloniex,0.0705999,3.22592598,2017-09-28 22:58:22 -0400
sell_on_quadrigacx,0.071,buy_on_poloniex,0.07059631,13.73189518,2017-09-28 22:58:30 -0400
sell_on_quadrigacx,0.071,buy_on_poloniex,0.07054936,19.5,2017-09-28 22:58:37 -0400
sell_on_quadrigacx,0.071,buy_on_poloniex,0.07059979,0.36355684,2017-09-28 22:58:51 -0400
sell_on_quadrigacx,0.071,buy_on_poloniex,0.07059967,3.22592598,2017-09-28 22:59:01 -0400
sell_on_quadrigacx,0.071,buy_on_poloniex,0.07056957,0.99355076,2017-09-28 22:59:09 -0400
sell_on_quadrigacx,0.071,buy_on_poloniex,0.07056957,6.94781115,2017-09-28 22:59:17 -0400
sell_on_quadrigacx,0.071,buy_on_poloniex,0.07059965,19.11797998,2017-09-28 22:59:24 -0400
sell_on_quadrigacx,0.071,buy_on_poloniex,0.07056974,2.15065898,2017-09-28 22:59:32 -0400
sell_on_quadrigacx,0.071,buy_on_poloniex,0.07056967,36.344,2017-09-28 22:59:43 -0400
sell_on_quadrigacx,0.071,buy_on_poloniex,0.07054991,12.94857202,2017-09-28 22:59:54 -0400
sell_on_quadrigacx,0.071,buy_on_poloniex,0.0705,93,2017-09-28 23:00:04 -0400
sell_on_quadrigacx,0.071,buy_on_poloniex,0.0705,1.95413518,2017-09-28 23:00:18 -0400
sell_on_quadrigacx,0.071,buy_on_poloniex,0.07043517,1.14507125,2017-09-28 23:00:32 -0400
sell_on_quadrigacx,0.071,buy_on_poloniex,0.07049993,12.94857202,2017-09-28 23:00:45 -0400
sell_on_quadrigacx,0.071,buy_on_poloniex,0.07049996,1.44448892,2017-09-28 23:00:54 -0400
sell_on_quadrigacx,0.071,buy_on_poloniex,0.07056626,10.20070925,2017-09-28 23:01:02 -0400
sell_on_quadrigacx,0.071,buy_on_liqui,0.07061645,0.09279685,2017-09-28 23:01:09 -0400
sell_on_quadrigacx,0.071,buy_on_liqui,0.07061645,0.16248014,2017-09-28 23:02:00 -0400
sell_on_quadrigacx,0.071,buy_on_liqui,0.07061636,0.27902284,2017-09-28 23:02:09 -0400
sell_on_quadrigacx,0.071,buy_on_poloniex,0.07060405,3.22725668,2017-09-28 23:03:22 -0400
sell_on_quadrigacx,0.071,buy_on_poloniex,0.07060396,3.22725668,2017-09-28 23:03:28 -0400
sell_on_quadrigacx,0.071,buy_on_poloniex,0.07060027,13.10103171,2017-09-28 23:03:40 -0400
sell_on_quadrigacx,0.071,buy_on_poloniex,0.07060016,5.98836726,2017-09-28 23:03:49 -0400
sell_on_quadrigacx,0.071,buy_on_poloniex,0.07060042,2.68123332,2017-09-28 23:03:58 -0400
sell_on_quadrigacx,0.071,buy_on_poloniex,0.07060043,1.93876137,2017-09-28 23:04:10 -0400
sell_on_quadrigacx,0.071,buy_on_poloniex,0.07063392,1.23528563,2017-09-28 23:04:21 -0400
sell_on_quadrigacx,0.071,buy_on_poloniex,0.07063393,14.73533179,2017-09-28 23:04:32 -0400
sell_on_quadrigacx,0.07100001,buy_on_poloniex,0.07063393,14.59375678,2017-09-28 23:04:43 -0400
sell_on_quadrigacx,0.071,buy_on_poloniex,0.07063393,14.59375678,2017-09-28 23:04:51 -0400
sell_on_quadrigacx,0.07100003,buy_on_poloniex,0.07063393,14.59375678,2017-09-28 23:04:59 -0400
sell_on_quadrigacx,0.071,buy_on_poloniex,0.07063393,14.59375678,2017-09-28 23:05:08 -0400
sell_on_quadrigacx,0.071,buy_on_poloniex,0.07063393,84.47575678,2017-09-28 23:05:21 -0400
sell_on_quadrigacx,0.07100001,buy_on_poloniex,0.07063719,4.92677657,2017-09-28 23:05:34 -0400
sell_on_quadrigacx,0.071,buy_on_poloniex,0.07063393,0.1719366,2017-09-28 23:06:54 -0400
sell_on_quadrigacx,0.071,buy_on_poloniex,0.07063393,0.34387318,2017-09-28 23:07:07 -0400
sell_on_quadrigacx,0.071,buy_on_poloniex,0.07063383,0.42074358,2017-09-28 23:07:20 -0400
sell_on_quadrigacx,0.071,buy_on_poloniex,0.07063377,0.42074358,2017-09-28 23:07:28 -0400
sell_on_quadrigacx,0.071,buy_on_poloniex,0.07063389,0.05309804,2017-09-28 23:07:39 -0400
sell_on_quadrigacx,0.071,buy_on_poloniex,0.07063388,2.678015,2017-09-28 23:07:48 -0400
sell_on_quadrigacx,0.071,buy_on_poloniex,0.07060042,0.44644774,2017-09-28 23:08:39 -0400
sell_on_quadrigacx,0.071,buy_on_poloniex,0.0704502,8.58511978,2017-09-28 23:08:51 -0400
sell_on_quadrigacx,0.071,buy_on_poloniex,0.0704502,5.05610824,2017-09-28 23:09:03 -0400
sell_on_quadrigacx,0.071,buy_on_poloniex,0.0704502,0.37790438,2017-09-28 23:09:12 -0400
sell_on_quadrigacx,0.071,buy_on_poloniex,0.0704502,0.37790438,2017-09-28 23:09:20 -0400
sell_on_quadrigacx,0.071,buy_on_poloniex,0.07059992,12.78292498,2017-09-28 23:09:32 -0400
sell_on_quadrigacx,0.071,buy_on_poloniex,0.07059983,3.22689424,2017-09-28 23:09:43 -0400
sell_on_quadrigacx,0.071,buy_on_poloniex,0.07059972,2.67854837,2017-09-28 23:09:56 -0400
sell_on_quadrigacx,0.071,buy_on_poloniex,0.07058529,20,2017-09-28 23:10:04 -0400
sell_on_quadrigacx,0.071,buy_on_poloniex,0.0705852,16.693,2017-09-28 23:10:14 -0400
sell_on_quadrigacx,0.071,buy_on_poloniex,0.07058521,45.02462897,2017-09-28 23:10:26 -0400
sell_on_quadrigacx,0.071,buy_on_poloniex,0.07058517,69.93,2017-09-28 23:10:32 -0400
sell_on_quadrigacx,0.071,buy_on_poloniex,0.0705851,0.020719,2017-09-28 23:10:40 -0400
sell_on_quadrigacx,0.071,buy_on_poloniex,0.07058501,5.7295543,2017-09-28 23:10:49 -0400
sell_on_quadrigacx,0.071,buy_on_poloniex,0.07058498,75.991,2017-09-28 23:10:55 -0400
sell_on_quadrigacx,0.071,buy_on_poloniex,0.07058474,61.219,2017-09-28 23:11:05 -0400
sell_on_quadrigacx,0.071,buy_on_poloniex,0.07042519,0.69010307,2017-09-28 23:11:13 -0400
sell_on_quadrigacx,0.071,buy_on_poloniex,0.07042519,0.32500123,2017-09-28 23:11:26 -0400
sell_on_quadrigacx,0.071,buy_on_poloniex,0.07041248,13.73189518,2017-09-28 23:11:40 -0400
sell_on_quadrigacx,0.071,buy_on_poloniex,0.07035624,25.20311906,2017-09-28 23:11:53 -0400
sell_on_quadrigacx,0.071,buy_on_poloniex,0.07035624,25.00441901,2017-09-28 23:12:00 -0400
sell_on_quadrigacx,0.071,buy_on_poloniex,0.07035623,6.02602724,2017-09-28 23:12:12 -0400
sell_on_quadrigacx,0.071,buy_on_poloniex,0.07034102,11.89043257,2017-09-28 23:12:26 -0400
sell_on_quadrigacx,0.071,buy_on_poloniex,0.07034094,27.536,2017-09-28 23:12:36 -0400
sell_on_quadrigacx,0.071,buy_on_poloniex,0.07034085,16.79455116,2017-09-28 23:12:49 -0400
sell_on_quadrigacx,0.071,buy_on_poloniex,0.0703408,69.29219208,2017-09-28 23:13:01 -0400
sell_on_quadrigacx,0.071,buy_on_poloniex,0.0703407,13.48985407,2017-09-28 23:13:10 -0400
sell_on_quadrigacx,0.071,buy_on_poloniex,0.07034057,60.04785883,2017-09-28 23:13:23 -0400
sell_on_quadrigacx,0.071,buy_on_poloniex,0.07034041,3.12689424,2017-09-28 23:13:37 -0400
sell_on_quadrigacx,0.071,buy_on_poloniex,0.0703403,59.56719081,2017-09-28 23:13:51 -0400
sell_on_quadrigacx,0.071,buy_on_poloniex,0.07034022,0.9919532,2017-09-28 23:14:05 -0400
sell_on_quadrigacx,0.071,buy_on_poloniex,0.07030483,13.48985407,2017-09-28 23:14:14 -0400
sell_on_quadrigacx,0.071,buy_on_poloniex,0.07030708,10.434,2017-09-28 23:14:23 -0400
sell_on_quadrigacx,0.071,buy_on_poloniex,0.07034022,0.0074,2017-09-28 23:14:33 -0400
sell_on_quadrigacx,0.071,buy_on_poloniex,0.07042922,9.97002337,2017-09-28 23:14:47 -0400
sell_on_quadrigacx,0.071,buy_on_poloniex,0.07047457,9.97002337,2017-09-28 23:15:01 -0400
sell_on_quadrigacx,0.071,buy_on_poloniex,0.0703,1.78502423,2017-09-28 23:15:08 -0400
sell_on_quadrigacx,0.071,buy_on_poloniex,0.07052604,7.701441,2017-09-28 23:15:20 -0400
sell_on_quadrigacx,0.071,buy_on_poloniex,0.07030014,7.68650545,2017-09-28 23:15:32 -0400
sell_on_quadrigacx,0.071,buy_on_poloniex,0.07030013,4.41288339,2017-09-28 23:15:42 -0400
sell_on_quadrigacx,0.071,buy_on_poloniex,0.07047756,75.214,2017-09-28 23:15:51 -0400
sell_on_quadrigacx,0.071,buy_on_poloniex,0.07042256,36.401,2017-09-28 23:16:02 -0400
sell_on_quadrigacx,0.071,buy_on_poloniex,0.07042241,44.97685978,2017-09-28 23:16:14 -0400
sell_on_quadrigacx,0.071,buy_on_poloniex,0.07047766,75.602,2017-09-28 23:16:22 -0400
sell_on_quadrigacx,0.071,buy_on_poloniex,0.07042281,2.27512496,2017-09-28 23:16:44 -0400
sell_on_quadrigacx,0.071,buy_on_poloniex,0.07042277,2.27499308,2017-09-28 23:16:56 -0400
sell_on_quadrigacx,0.071,buy_on_poloniex,0.07042273,2.38529157,2017-09-28 23:17:05 -0400
sell_on_quadrigacx,0.071,buy_on_poloniex,0.07042273,1.88292634,2017-09-28 23:17:12 -0400
sell_on_quadrigacx,0.071,buy_on_poloniex,0.07042289,10.86291633,2017-09-28 23:17:19 -0400
sell_on_quadrigacx,0.071,buy_on_poloniex,0.07042285,57.999,2017-09-28 23:17:26 -0400
sell_on_quadrigacx,0.071,buy_on_poloniex,0.07042277,3.22691968,2017-09-28 23:17:39 -0400
sell_on_quadrigacx,0.071,buy_on_poloniex,0.07042277,0.00465651,2017-09-28 23:17:51 -0400
sell_on_quadrigacx,0.071,buy_on_poloniex,0.07042026,7.66,2017-09-28 23:18:01 -0400
sell_on_quadrigacx,0.071,buy_on_poloniex,0.07042025,41.493,2017-09-28 23:18:08 -0400
sell_on_quadrigacx,0.071,buy_on_poloniex,0.07047408,0.0098,2017-09-28 23:18:16 -0400
sell_on_quadrigacx,0.071,buy_on_poloniex,0.07047405,4.44901616,2017-09-28 23:18:23 -0400
sell_on_quadrigacx,0.071,buy_on_poloniex,0.07047391,74.825,2017-09-28 23:18:34 -0400
sell_on_quadrigacx,0.071,buy_on_poloniex,0.07047769,1.82249723,2017-09-28 23:18:47 -0400
sell_on_quadrigacx,0.071,buy_on_poloniex,0.07045646,3.70613298,2017-09-28 23:19:00 -0400
sell_on_quadrigacx,0.071,buy_on_poloniex,0.07047385,6.98656754,2017-09-28 23:19:13 -0400
sell_on_quadrigacx,0.071,buy_on_poloniex,0.07042306,0.12621127,2017-09-28 23:19:26 -0400
sell_on_quadrigacx,0.071,buy_on_poloniex,0.07042301,9.235,2017-09-28 23:19:39 -0400
sell_on_quadrigacx,0.071,buy_on_poloniex,0.0704639,9.02882919,2017-09-28 23:19:48 -0400
sell_on_quadrigacx,0.071,buy_on_poloniex,0.07042291,9.02882919,2017-09-28 23:19:59 -0400
sell_on_quadrigacx,0.071,buy_on_poloniex,0.07042291,13.43431522,2017-09-28 23:20:06 -0400
sell_on_quadrigacx,0.071,buy_on_poloniex,0.0704229,48.73250852,2017-09-28 23:20:19 -0400
sell_on_quadrigacx,0.071,buy_on_poloniex,0.0704229,39.81481841,2017-09-28 23:20:33 -0400
sell_on_quadrigacx,0.071,buy_on_poloniex,0.0704229,71.78481188,2017-09-28 23:20:46 -0400
sell_on_quadrigacx,0.071,buy_on_poloniex,0.0704229,71.78481188,2017-09-28 23:20:58 -0400
sell_on_quadrigacx,0.071,buy_on_poloniex,0.0704229,71.76481188,2017-09-28 23:21:07 -0400
sell_on_quadrigacx,0.071,buy_on_poloniex,0.0704229,71.76481188,2017-09-28 23:21:17 -0400
sell_on_quadrigacx,0.071,buy_on_poloniex,0.0704229,71.76481188,2017-09-28 23:21:33 -0400
sell_on_quadrigacx,0.071,buy_on_poloniex,0.0704229,71.61447488,2017-09-28 23:21:44 -0400
sell_on_quadrigacx,0.071,buy_on_poloniex,0.0704229,71.61447488,2017-09-28 23:21:57 -0400
sell_on_quadrigacx,0.071,buy_on_poloniex,0.0704229,69.49647488,2017-09-28 23:22:07 -0400
sell_on_quadrigacx,0.071,buy_on_poloniex,0.0704229,62.39651166,2017-09-28 23:22:15 -0400
sell_on_quadrigacx,0.071,buy_on_poloniex,0.0704228,38.63276903,2017-09-28 23:22:30 -0400
sell_on_quadrigacx,0.071,buy_on_poloniex,0.070372,5.06,2017-09-28 23:22:43 -0400
sell_on_quadrigacx,0.071,buy_on_poloniex,0.07037192,33.75884101,2017-09-28 23:22:50 -0400
sell_on_quadrigacx,0.071,buy_on_poloniex,0.07037177,104.99596,2017-09-28 23:23:00 -0400
sell_on_quadrigacx,0.071,buy_on_poloniex,0.07037177,37.55496,2017-09-28 23:23:07 -0400
sell_on_quadrigacx,0.071,buy_on_poloniex,0.07037164,52.132,2017-09-28 23:23:20 -0400
sell_on_quadrigacx,0.071,buy_on_poloniex,0.07037147,66.709,2017-09-28 23:23:32 -0400
sell_on_quadrigacx,0.071,buy_on_poloniex,0.07037128,77.234,2017-09-28 23:23:46 -0400
sell_on_quadrigacx,0.071,buy_on_poloniex,0.07037114,37.35164,2017-09-28 23:24:00 -0400
sell_on_quadrigacx,0.071,buy_on_poloniex,0.07026614,3.22733562,2017-09-28 23:24:12 -0400
sell_on_quadrigacx,0.071,buy_on_poloniex,0.07020999,14.52955299,2017-09-28 23:24:23 -0400
sell_on_quadrigacx,0.071,buy_on_poloniex,0.07020996,4.03615583,2017-09-28 23:24:33 -0400
sell_on_quadrigacx,0.071,buy_on_poloniex,0.07020996,3.22733562,2017-09-28 23:24:40 -0400
sell_on_quadrigacx,0.071,buy_on_poloniex,0.07021002,14.52955299,2017-09-28 23:24:50 -0400
sell_on_quadrigacx,0.071,buy_on_poloniex,0.07020998,14.52955299,2017-09-28 23:24:59 -0400
sell_on_quadrigacx,0.071,buy_on_poloniex,0.07016315,14.52955299,2017-09-28 23:25:13 -0400
sell_on_quadrigacx,0.071,buy_on_poloniex,0.07036158,14.52955299,2017-09-28 23:25:26 -0400
sell_on_quadrigacx,0.071,buy_on_poloniex,0.07036153,14.52955299,2017-09-28 23:25:38 -0400
sell_on_quadrigacx,0.071,buy_on_poloniex,0.07036141,14.52955299,2017-09-28 23:25:48 -0400
sell_on_quadrigacx,0.071,buy_on_poloniex,0.07030375,13.39255299,2017-09-28 23:26:02 -0400
sell_on_quadrigacx,0.071,buy_on_poloniex,0.07024689,13.39255299,2017-09-28 23:26:15 -0400
sell_on_quadrigacx,0.071,buy_on_poloniex,0.07010539,13.39255299,2017-09-28 23:26:22 -0400
sell_on_quadrigacx,0.071,buy_on_poloniex,0.07021091,13.39255299,2017-09-28 23:26:34 -0400
sell_on_quadrigacx,0.071,buy_on_poloniex,0.07021071,12.25325299,2017-09-28 23:26:47 -0400
sell_on_quadrigacx,0.071,buy_on_poloniex,0.07021059,12.25325299,2017-09-28 23:26:55 -0400
sell_on_quadrigacx,0.071,buy_on_poloniex,0.07021043,12.25325299,2017-09-28 23:27:05 -0400
sell_on_quadrigacx,0.071,buy_on_poloniex,0.07021024,11.11395299,2017-09-28 23:27:20 -0400
sell_on_quadrigacx,0.071,buy_on_poloniex,0.07021008,7.01776663,2017-09-28 23:27:34 -0400
sell_on_quadrigacx,0.071,buy_on_poloniex,0.07020992,0.02558306,2017-09-28 23:27:48 -0400
sell_on_quadrigacx,0.071,buy_on_poloniex,0.0702097,0.02558306,2017-09-28 23:28:02 -0400
sell_on_quadrigacx,0.071,buy_on_poloniex,0.07020962,0.02558306,2017-09-28 23:28:12 -0400
sell_on_quadrigacx,0.071,buy_on_poloniex,0.07020949,0.02558306,2017-09-28 23:28:26 -0400
sell_on_quadrigacx,0.071,buy_on_poloniex,0.07020938,0.02558306,2017-09-28 23:28:34 -0400
sell_on_quadrigacx,0.071,buy_on_poloniex,0.07018353,0.02558306,2017-09-28 23:28:46 -0400
sell_on_quadrigacx,0.071,buy_on_poloniex,0.07018342,0.02558306,2017-09-28 23:28:57 -0400
sell_on_quadrigacx,0.071,buy_on_poloniex,0.07018327,0.02558306,2017-09-28 23:29:10 -0400
sell_on_quadrigacx,0.071,buy_on_poloniex,0.07009992,0.02558306,2017-09-28 23:29:20 -0400
sell_on_quadrigacx,0.071,buy_on_poloniex,0.07006861,0.02558306,2017-09-28 23:29:29 -0400
sell_on_quadrigacx,0.071,buy_on_poloniex,0.07006853,0.02558306,2017-09-28 23:29:42 -0400
sell_on_quadrigacx,0.071,buy_on_poloniex,0.07009983,0.02558306,2017-09-28 23:29:49 -0400
sell_on_quadrigacx,0.071,buy_on_poloniex,0.07009979,0.02558306,2017-09-28 23:29:59 -0400
sell_on_quadrigacx,0.07099999,buy_on_poloniex,0.07009975,0.3,2017-09-28 23:30:06 -0400
sell_on_quadrigacx,0.0705666,buy_on_poloniex,0.07003733,1.50739103,2017-09-28 23:30:20 -0400
sell_on_quadrigacx,0.0705666,buy_on_poloniex,0.07003729,1.50739103,2017-09-28 23:30:31 -0400
sell_on_quadrigacx,0.0705666,buy_on_poloniex,0.07003725,1.50739103,2017-09-28 23:30:40 -0400
sell_on_quadrigacx,0.0705666,buy_on_poloniex,0.07003726,1.50739103,2017-09-28 23:30:55 -0400
sell_on_quadrigacx,0.0705666,buy_on_poloniex,0.07003726,1.50739103,2017-09-28 23:31:06 -0400
sell_on_quadrigacx,0.0705666,buy_on_poloniex,0.07003724,1.50739103,2017-09-28 23:31:17 -0400
sell_on_quadrigacx,0.0705666,buy_on_poloniex,0.07003717,1.50739103,2017-09-28 23:31:24 -0400
sell_on_quadrigacx,0.0705666,buy_on_poloniex,0.07003708,1.50739103,2017-09-28 23:31:33 -0400
sell_on_quadrigacx,0.0705666,buy_on_poloniex,0.070037,1.50739103,2017-09-28 23:31:41 -0400
sell_on_quadrigacx,0.0705666,buy_on_poloniex,0.0700369,1.50739103,2017-09-28 23:31:53 -0400
sell_on_quadrigacx,0.0705666,buy_on_poloniex,0.07003697,1.50739103,2017-09-28 23:32:06 -0400
sell_on_quadrigacx,0.0705666,buy_on_poloniex,0.07003733,0.22804781,2017-09-28 23:32:19 -0400
sell_on_quadrigacx,0.0705666,buy_on_poloniex,0.07003734,0.00376848,2017-09-28 23:32:27 -0400
sell_on_quadrigacx,0.0705666,buy_on_poloniex,0.07003734,0.00376848,2017-09-28 23:32:36 -0400
sell_on_quadrigacx,0.0705666,buy_on_poloniex,0.0700373,0.00376848,2017-09-28 23:32:48 -0400
sell_on_quadrigacx,0.0705666,buy_on_poloniex,0.07000009,0.00376848,2017-09-28 23:33:02 -0400
sell_on_quadrigacx,0.0705666,buy_on_poloniex,0.07003736,0.00376848,2017-09-28 23:33:12 -0400
sell_on_quadrigacx,0.0705666,buy_on_poloniex,0.07003732,0.00376848,2017-09-28 23:33:24 -0400
sell_on_quadrigacx,0.0705666,buy_on_poloniex,0.06996626,0.00376848,2017-09-28 23:33:32 -0400
sell_on_quadrigacx,0.0705666,buy_on_poloniex,0.07003717,0.00376848,2017-09-28 23:33:45 -0400
sell_on_quadrigacx,0.0705666,buy_on_poloniex,0.0700371,0.00376848,2017-09-28 23:33:56 -0400
sell_on_quadrigacx,0.0705666,buy_on_poloniex,0.070037,0.00376848,2017-09-28 23:34:06 -0400
sell_on_quadrigacx,0.0705666,buy_on_poloniex,0.07003695,0.00376848,2017-09-28 23:34:20 -0400
sell_on_quadrigacx,0.0705666,buy_on_poloniex,0.07003681,0.00376848,2017-09-28 23:34:31 -0400
sell_on_quadrigacx,0.0705666,buy_on_poloniex,0.07003677,0.00376848,2017-09-28 23:34:41 -0400
sell_on_quadrigacx,0.0705666,buy_on_poloniex,0.07003674,0.00376848,2017-09-28 23:34:52 -0400
sell_on_quadrigacx,0.0705666,buy_on_poloniex,0.07002618,0.00376848,2017-09-28 23:35:00 -0400
sell_on_quadrigacx,0.0705666,buy_on_poloniex,0.07002615,0.00376848,2017-09-28 23:35:09 -0400
sell_on_quadrigacx,0.0705666,buy_on_poloniex,0.06996273,0.00376848,2017-09-28 23:35:19 -0400
sell_on_quadrigacx,0.0705666,buy_on_poloniex,0.06996267,0.00376848,2017-09-28 23:35:28 -0400
sell_on_quadrigacx,0.0705666,buy_on_poloniex,0.06988109,0.00376848,2017-09-28 23:35:35 -0400
sell_on_quadrigacx,0.0705666,buy_on_poloniex,0.06985639,0.00376848,2017-09-28 23:35:43 -0400
sell_on_quadrigacx,0.0705666,buy_on_poloniex,0.06985633,0.00376848,2017-09-28 23:35:56 -0400
sell_on_quadrigacx,0.0705666,buy_on_poloniex,0.06985629,0.00376848,2017-09-28 23:36:09 -0400
sell_on_quadrigacx,0.0705666,buy_on_poloniex,0.06980264,0.00376848,2017-09-28 23:36:22 -0400
sell_on_quadrigacx,0.0705666,buy_on_poloniex,0.06980255,0.00376848,2017-09-28 23:36:29 -0400
sell_on_quadrigacx,0.0705666,buy_on_poloniex,0.06972865,0.00376848,2017-09-28 23:36:42 -0400
sell_on_quadrigacx,0.0705666,buy_on_poloniex,0.06972863,0.00376848,2017-09-28 23:36:51 -0400
sell_on_quadrigacx,0.0705666,buy_on_poloniex,0.06972854,0.00376848,2017-09-28 23:37:00 -0400
sell_on_quadrigacx,0.0705666,buy_on_poloniex,0.06960357,0.00376848,2017-09-28 23:37:09 -0400
sell_on_quadrigacx,0.0705666,buy_on_poloniex,0.06960342,0.00376848,2017-09-28 23:37:17 -0400
sell_on_quadrigacx,0.0705666,buy_on_poloniex,0.06960331,0.00376848,2017-09-28 23:37:25 -0400
sell_on_quadrigacx,0.0705666,buy_on_poloniex,0.06960325,0.00376848,2017-09-28 23:37:36 -0400
sell_on_quadrigacx,0.0705666,buy_on_poloniex,0.06960426,0.00376848,2017-09-28 23:37:46 -0400
sell_on_quadrigacx,0.0705666,buy_on_poloniex,0.06960425,0.00376848,2017-09-28 23:37:58 -0400
sell_on_quadrigacx,0.0705666,buy_on_poloniex,0.06959364,0.00376848,2017-09-28 23:38:09 -0400
sell_on_quadrigacx,0.0705666,buy_on_poloniex,0.06960358,0.00376848,2017-09-28 23:38:16 -0400
sell_on_quadrigacx,0.0705666,buy_on_poloniex,0.06966725,0.00376848,2017-09-28 23:38:27 -0400
sell_on_quadrigacx,0.0705666,buy_on_poloniex,0.0696672,0.00376848,2017-09-28 23:38:35 -0400
sell_on_quadrigacx,0.0705666,buy_on_poloniex,0.06960426,0.00376848,2017-09-28 23:38:42 -0400
sell_on_quadrigacx,0.0705666,buy_on_poloniex,0.06960422,0.00376848,2017-09-28 23:38:49 -0400
sell_on_quadrigacx,0.0705666,buy_on_poloniex,0.06958011,0.00376848,2017-09-28 23:39:01 -0400
sell_on_quadrigacx,0.0705666,buy_on_poloniex,0.06957996,0.00376848,2017-09-28 23:39:13 -0400
sell_on_quadrigacx,0.0705666,buy_on_poloniex,0.06957997,0.00376848,2017-09-28 23:39:27 -0400
sell_on_quadrigacx,0.0705666,buy_on_poloniex,0.06958019,0.00376848,2017-09-28 23:39:40 -0400
sell_on_quadrigacx,0.0705666,buy_on_poloniex,0.06960346,0.00376848,2017-09-28 23:39:50 -0400
sell_on_quadrigacx,0.0705666,buy_on_poloniex,0.06960335,0.00376848,2017-09-28 23:40:03 -0400
sell_on_quadrigacx,0.0705666,buy_on_poloniex,0.06960324,0.00376848,2017-09-28 23:40:15 -0400
sell_on_quadrigacx,0.0705666,buy_on_poloniex,0.06962777,0.00376848,2017-09-28 23:40:22 -0400
sell_on_quadrigacx,0.0705666,buy_on_poloniex,0.0695,0.00376848,2017-09-28 23:40:35 -0400
sell_on_quadrigacx,0.0705666,buy_on_poloniex,0.06949993,0.00376848,2017-09-28 23:40:48 -0400
sell_on_quadrigacx,0.0705666,buy_on_poloniex,0.06946167,0.00376848,2017-09-28 23:41:00 -0400
sell_on_quadrigacx,0.0701011,buy_on_poloniex,0.06962752,2.23,2017-09-28 23:41:07 -0400
sell_on_quadrigacx,0.0701011,buy_on_poloniex,0.0696274,2.23,2017-09-28 23:41:19 -0400
sell_on_quadrigacx,0.0701011,buy_on_poloniex,0.0696273,0.91321972,2017-09-28 23:41:28 -0400
sell_on_quadrigacx,0.0701011,buy_on_poloniex,0.06962717,0.91321972,2017-09-28 23:41:39 -0400
sell_on_quadrigacx,0.0701011,buy_on_poloniex,0.06962697,0.91321972,2017-09-28 23:41:52 -0400
sell_on_quadrigacx,0.0701011,buy_on_poloniex,0.06962686,0.91321972,2017-09-28 23:42:05 -0400
sell_on_quadrigacx,0.0701011,buy_on_poloniex,0.06962674,0.91321972,2017-09-28 23:42:19 -0400
sell_on_quadrigacx,0.0701011,buy_on_poloniex,0.06962665,0.91321972,2017-09-28 23:42:27 -0400
sell_on_quadrigacx,0.0701011,buy_on_poloniex,0.06962661,0.91321972,2017-09-28 23:42:41 -0400
sell_on_quadrigacx,0.0701011,buy_on_poloniex,0.06962659,0.91321972,2017-09-28 23:42:54 -0400
sell_on_quadrigacx,0.0701011,buy_on_poloniex,0.06962643,0.91321972,2017-09-28 23:43:04 -0400
sell_on_quadrigacx,0.0701011,buy_on_poloniex,0.06962658,0.91321972,2017-09-28 23:43:12 -0400
sell_on_quadrigacx,0.0701011,buy_on_poloniex,0.06973327,0.91321972,2017-09-28 23:43:36 -0400
sell_on_quadrigacx,0.07,buy_on_poloniex,0.06960038,15.80908399,2017-09-28 23:54:57 -0400
sell_on_quadrigacx,0.07,buy_on_poloniex,0.06959996,0.13329597,2017-09-28 23:55:31 -0400
sell_on_quadrigacx,0.07,buy_on_poloniex,0.06963417,0.025949,2017-09-28 23:57:33 -0400
sell_on_quadrigacx,0.07,buy_on_poloniex,0.06959999,0.025884,2017-09-28 23:57:43 -0400
sell_on_quadrigacx,0.07,buy_on_poloniex,0.06959999,19.038,2017-09-28 23:57:50 -0400
sell_on_quadrigacx,0.07,buy_on_poloniex,0.06959983,3.22101492,2017-09-28 23:58:03 -0400
sell_on_quadrigacx,0.07,buy_on_poloniex,0.06963689,10.89673572,2017-09-28 23:58:10 -0400
sell_on_quadrigacx,0.07010031,buy_on_poloniex,0.0697,0.33691762,2017-09-29 01:23:45 -0400
sell_on_liqui,0.0708,buy_on_poloniex,0.07037979,0.14094432,2017-09-29 06:06:48 -0400
sell_on_liqui,0.07029356,buy_on_poloniex,0.06979966,0.08358987,2017-09-29 07:28:58 -0400
sell_on_quadrigacx,0.07000001,buy_on_poloniex,0.0696,10.98683272,2017-09-29 07:29:21 -0400
sell_on_quadrigacx,0.07000001,buy_on_poloniex,0.06959999,10.98683272,2017-09-29 07:29:34 -0400
sell_on_quadrigacx,0.07000001,buy_on_poloniex,0.06959998,10.98683272,2017-09-29 07:29:41 -0400
sell_on_quadrigacx,0.07000001,buy_on_poloniex,0.06958864,10.98683272,2017-09-29 07:29:52 -0400
sell_on_quadrigacx,0.07000001,buy_on_poloniex,0.06958862,10.98683272,2017-09-29 07:30:00 -0400
sell_on_quadrigacx,0.07000001,buy_on_poloniex,0.06958855,10.98683272,2017-09-29 07:30:12 -0400
sell_on_quadrigacx,0.07000001,buy_on_poloniex,0.0695885,10.98683272,2017-09-29 07:30:20 -0400
sell_on_quadrigacx,0.07000001,buy_on_poloniex,0.06957502,10.98683272,2017-09-29 07:30:30 -0400
sell_on_quadrigacx,0.07000001,buy_on_poloniex,0.06957502,10.98683272,2017-09-29 07:30:37 -0400
sell_on_quadrigacx,0.07000001,buy_on_poloniex,0.06958849,10.98683272,2017-09-29 07:30:47 -0400
sell_on_quadrigacx,0.07000001,buy_on_poloniex,0.0695741,10.98683272,2017-09-29 07:31:01 -0400
sell_on_quadrigacx,0.07000001,buy_on_poloniex,0.06958843,10.98683272,2017-09-29 07:31:10 -0400
sell_on_quadrigacx,0.07000001,buy_on_poloniex,0.06953903,10.98683272,2017-09-29 07:31:18 -0400
sell_on_quadrigacx,0.07000001,buy_on_poloniex,0.06953902,10.98683272,2017-09-29 07:31:28 -0400
sell_on_quadrigacx,0.07000001,buy_on_poloniex,0.069501,10.98683272,2017-09-29 07:31:41 -0400
sell_on_quadrigacx,0.07000001,buy_on_poloniex,0.069501,1.45495493,2017-09-29 07:31:51 -0400
sell_on_quadrigacx,0.07000001,buy_on_poloniex,0.06950098,1.44004015,2017-09-29 07:31:58 -0400
sell_on_quadrigacx,0.07000001,buy_on_poloniex,0.06950001,1.44004015,2017-09-29 07:32:08 -0400
sell_on_quadrigacx,0.07000001,buy_on_poloniex,0.06950001,1.44004015,2017-09-29 07:32:19 -0400
sell_on_quadrigacx,0.07000001,buy_on_poloniex,0.06950001,1.44004015,2017-09-29 07:32:31 -0400
sell_on_quadrigacx,0.07000001,buy_on_poloniex,0.06949996,1.44004015,2017-09-29 07:32:39 -0400
sell_on_quadrigacx,0.07000001,buy_on_poloniex,0.06949998,1.44004015,2017-09-29 07:32:52 -0400
sell_on_quadrigacx,0.07000001,buy_on_poloniex,0.06947355,1.44004015,2017-09-29 07:32:59 -0400
sell_on_quadrigacx,0.07000001,buy_on_poloniex,0.06947355,1.44004015,2017-09-29 07:33:08 -0400
sell_on_quadrigacx,0.07000001,buy_on_poloniex,0.06947354,1.44004015,2017-09-29 07:33:22 -0400
sell_on_quadrigacx,0.07000001,buy_on_poloniex,0.06946763,1.44004015,2017-09-29 07:33:33 -0400
sell_on_quadrigacx,0.07000001,buy_on_poloniex,0.06947,1.44004015,2017-09-29 07:33:45 -0400
sell_on_quadrigacx,0.07000001,buy_on_poloniex,0.06946762,1.44004015,2017-09-29 07:33:52 -0400
sell_on_quadrigacx,0.07000001,buy_on_poloniex,0.06946761,1.44004015,2017-09-29 07:34:06 -0400
sell_on_quadrigacx,0.07000001,buy_on_poloniex,0.06946761,1.44004015,2017-09-29 07:34:15 -0400
sell_on_quadrigacx,0.07000001,buy_on_poloniex,0.0694676,1.44004015,2017-09-29 07:34:22 -0400
sell_on_quadrigacx,0.07000001,buy_on_poloniex,0.06946759,1.44004015,2017-09-29 07:34:33 -0400
sell_on_quadrigacx,0.07000001,buy_on_poloniex,0.06946757,1.44004015,2017-09-29 07:34:47 -0400
sell_on_quadrigacx,0.07000001,buy_on_poloniex,0.06946755,1.44004015,2017-09-29 07:34:59 -0400
sell_on_quadrigacx,0.07000001,buy_on_poloniex,0.0694675,1.44004015,2017-09-29 07:35:08 -0400
sell_on_quadrigacx,0.07000001,buy_on_poloniex,0.06944355,1.44004015,2017-09-29 07:35:21 -0400
sell_on_quadrigacx,0.07000001,buy_on_poloniex,0.06943017,1.44004015,2017-09-29 07:35:28 -0400
sell_on_quadrigacx,0.07000001,buy_on_poloniex,0.06943012,1.44004015,2017-09-29 07:35:41 -0400
sell_on_quadrigacx,0.07000001,buy_on_poloniex,0.06943012,1.44004015,2017-09-29 07:35:53 -0400
sell_on_quadrigacx,0.07000001,buy_on_poloniex,0.06942777,1.44004015,2017-09-29 07:36:07 -0400
sell_on_quadrigacx,0.07000001,buy_on_poloniex,0.06942769,1.16636746,2017-09-29 07:36:18 -0400
sell_on_quadrigacx,0.07000001,buy_on_poloniex,0.06941358,1.16636746,2017-09-29 07:36:27 -0400
sell_on_quadrigacx,0.07000001,buy_on_poloniex,0.06941352,1.16636746,2017-09-29 07:36:36 -0400
sell_on_quadrigacx,0.07000001,buy_on_poloniex,0.06940014,1.16636746,2017-09-29 07:36:50 -0400
sell_on_quadrigacx,0.07000001,buy_on_poloniex,0.06942798,1.16636746,2017-09-29 07:36:59 -0400
sell_on_quadrigacx,0.07000001,buy_on_poloniex,0.06942795,1.16636746,2017-09-29 07:37:13 -0400
sell_on_quadrigacx,0.07000001,buy_on_poloniex,0.0693994,1.16636746,2017-09-29 07:37:25 -0400
sell_on_quadrigacx,0.07000001,buy_on_poloniex,0.06942796,1.16636746,2017-09-29 07:37:36 -0400
sell_on_quadrigacx,0.07000001,buy_on_poloniex,0.0694,1.16636746,2017-09-29 07:37:50 -0400
sell_on_quadrigacx,0.07000001,buy_on_poloniex,0.0694,1.16636746,2017-09-29 07:38:00 -0400
sell_on_quadrigacx,0.07000001,buy_on_poloniex,0.0694,1.16636746,2017-09-29 07:38:09 -0400
sell_on_quadrigacx,0.07000001,buy_on_poloniex,0.06939997,1.16636746,2017-09-29 07:38:16 -0400
sell_on_quadrigacx,0.07000001,buy_on_poloniex,0.06938997,0.05903068,2017-09-29 07:38:24 -0400
sell_on_quadrigacx,0.07000001,buy_on_poloniex,0.06939,1.16636746,2017-09-29 07:38:36 -0400
sell_on_quadrigacx,0.07000001,buy_on_poloniex,0.06939,1.16636746,2017-09-29 07:38:46 -0400
sell_on_quadrigacx,0.07000001,buy_on_poloniex,0.06939,1.16636746,2017-09-29 07:38:54 -0400
sell_on_quadrigacx,0.07000001,buy_on_poloniex,0.06938917,1.16636746,2017-09-29 07:39:04 -0400
sell_on_quadrigacx,0.07000001,buy_on_poloniex,0.06939896,1.16636746,2017-09-29 07:39:16 -0400
sell_on_quadrigacx,0.07000001,buy_on_poloniex,0.0694,1.16636746,2017-09-29 07:39:26 -0400
sell_on_quadrigacx,0.07000001,buy_on_poloniex,0.06942899,1.16636746,2017-09-29 07:39:33 -0400
sell_on_quadrigacx,0.07000001,buy_on_poloniex,0.06942899,1.16636746,2017-09-29 07:39:46 -0400
sell_on_quadrigacx,0.07000001,buy_on_poloniex,0.06943,1.16636746,2017-09-29 07:39:59 -0400
sell_on_quadrigacx,0.07000001,buy_on_poloniex,0.06943,1.16636746,2017-09-29 07:40:05 -0400
sell_on_quadrigacx,0.07000001,buy_on_poloniex,0.06941361,1.16636746,2017-09-29 07:40:13 -0400
sell_on_quadrigacx,0.07000001,buy_on_poloniex,0.06945279,1.16636746,2017-09-29 07:40:22 -0400
sell_on_quadrigacx,0.07000001,buy_on_poloniex,0.0694528,1.16636746,2017-09-29 07:40:30 -0400
sell_on_quadrigacx,0.07000001,buy_on_poloniex,0.06947,1.16636746,2017-09-29 07:40:42 -0400
sell_on_quadrigacx,0.07000001,buy_on_poloniex,0.06951,1.16636746,2017-09-29 07:40:51 -0400
sell_on_quadrigacx,0.07000001,buy_on_poloniex,0.06959855,1.16636746,2017-09-29 07:41:01 -0400
sell_on_quadrigacx,0.07000001,buy_on_poloniex,0.0696,1.16636746,2017-09-29 07:41:36 -0400
sell_on_quadrigacx,0.07000001,buy_on_poloniex,0.06959997,1.16636746,2017-09-29 07:41:50 -0400
sell_on_quadrigacx,0.07000001,buy_on_poloniex,0.06959994,1.16636746,2017-09-29 07:42:02 -0400
sell_on_quadrigacx,0.07000001,buy_on_poloniex,0.06951043,1.16636746,2017-09-29 07:42:16 -0400
sell_on_quadrigacx,0.07000001,buy_on_poloniex,0.0695997,1.16636746,2017-09-29 07:42:29 -0400
sell_on_quadrigacx,0.07000001,buy_on_poloniex,0.06959988,1.16636746,2017-09-29 07:42:39 -0400
sell_on_quadrigacx,0.07000001,buy_on_poloniex,0.06959982,1.16636746,2017-09-29 07:42:47 -0400
sell_on_quadrigacx,0.07000001,buy_on_poloniex,0.06959976,1.16636746,2017-09-29 07:42:56 -0400
sell_on_quadrigacx,0.07000001,buy_on_poloniex,0.06959969,1.16636746,2017-09-29 07:43:10 -0400
sell_on_quadrigacx,0.07000001,buy_on_poloniex,0.06959994,1.16636746,2017-09-29 07:43:22 -0400
sell_on_quadrigacx,0.07000001,buy_on_poloniex,0.06959973,1.16636746,2017-09-29 07:43:35 -0400
sell_on_quadrigacx,0.07000001,buy_on_poloniex,0.06959967,1.16636746,2017-09-29 07:43:43 -0400
sell_on_quadrigacx,0.07000001,buy_on_poloniex,0.06959961,1.16636746,2017-09-29 07:43:50 -0400
sell_on_quadrigacx,0.07000001,buy_on_poloniex,0.06959997,0.56664239,2017-09-29 07:43:58 -0400
sell_on_quadrigacx,0.07000001,buy_on_poloniex,0.0696,1.16636746,2017-09-29 07:44:08 -0400
sell_on_quadrigacx,0.07000001,buy_on_poloniex,0.069505,1.16636746,2017-09-29 07:45:08 -0400
sell_on_quadrigacx,0.07000001,buy_on_poloniex,0.06963083,0.9998,2017-09-29 07:45:20 -0400
sell_on_quadrigacx,0.07000001,buy_on_poloniex,0.06963069,1.16636746,2017-09-29 07:45:34 -0400
sell_on_quadrigacx,0.07032172,buy_on_poloniex,0.06963067,0.342105,2017-09-29 07:45:47 -0400
sell_on_quadrigacx,0.07032172,buy_on_poloniex,0.06972183,0.342105,2017-09-29 07:45:59 -0400
sell_on_quadrigacx,0.07032172,buy_on_poloniex,0.06972171,0.342105,2017-09-29 07:46:08 -0400
sell_on_quadrigacx,0.07032172,buy_on_poloniex,0.06972164,0.342105,2017-09-29 07:46:17 -0400
sell_on_quadrigacx,0.07032172,buy_on_poloniex,0.06972153,0.342105,2017-09-29 07:46:29 -0400
sell_on_quadrigacx,0.07032172,buy_on_poloniex,0.0697215,0.342105,2017-09-29 07:46:40 -0400
sell_on_quadrigacx,0.07032172,buy_on_poloniex,0.0697,0.342105,2017-09-29 07:46:51 -0400
sell_on_quadrigacx,0.07032172,buy_on_poloniex,0.06963906,0.342105,2017-09-29 07:47:03 -0400
sell_on_quadrigacx,0.07032172,buy_on_poloniex,0.06965,0.342105,2017-09-29 07:47:17 -0400
sell_on_quadrigacx,0.07032172,buy_on_poloniex,0.06965,0.342105,2017-09-29 07:47:32 -0400
sell_on_quadrigacx,0.07032172,buy_on_poloniex,0.06977335,0.342105,2017-09-29 07:47:45 -0400
sell_on_quadrigacx,0.07032172,buy_on_poloniex,0.06977335,0.342105,2017-09-29 07:47:58 -0400
sell_on_quadrigacx,0.07032172,buy_on_poloniex,0.06977334,0.342105,2017-09-29 07:48:06 -0400
sell_on_quadrigacx,0.07032172,buy_on_poloniex,0.06973683,0.342105,2017-09-29 07:48:19 -0400
sell_on_quadrigacx,0.07032172,buy_on_poloniex,0.0698,0.342105,2017-09-29 07:48:33 -0400
sell_on_quadrigacx,0.07032172,buy_on_poloniex,0.06984751,0.015,2017-09-29 07:48:41 -0400
sell_on_quadrigacx,0.07032172,buy_on_poloniex,0.06993138,0.10106406,2017-09-29 07:48:55 -0400
sell_on_quadrigacx,0.07032172,buy_on_poloniex,0.06993138,0.342105,2017-09-29 07:49:05 -0400
sell_on_quadrigacx,0.07032172,buy_on_poloniex,0.06989825,0.342105,2017-09-29 07:49:20 -0400
sell_on_quadrigacx,0.07032172,buy_on_poloniex,0.06993127,0.342105,2017-09-29 07:49:29 -0400
sell_on_quadrigacx,0.07032172,buy_on_poloniex,0.06993123,0.342105,2017-09-29 07:49:40 -0400
sell_on_quadrigacx,0.07032172,buy_on_poloniex,0.06993115,0.342105,2017-09-29 07:49:53 -0400
sell_on_quadrigacx,0.07032172,buy_on_poloniex,0.0699311,0.342105,2017-09-29 07:50:00 -0400
sell_on_quadrigacx,0.07032172,buy_on_poloniex,0.06991665,0.342105,2017-09-29 07:50:18 -0400
sell_on_quadrigacx,0.07032172,buy_on_poloniex,0.0699311,0.342105,2017-09-29 07:50:32 -0400
sell_on_quadrigacx,0.07032172,buy_on_poloniex,0.0699,0.342105,2017-09-29 07:50:42 -0400
sell_on_quadrigacx,0.07032172,buy_on_poloniex,0.06989997,0.342105,2017-09-29 07:50:50 -0400
sell_on_liqui,0.07037287,buy_on_quadrigacx,0.07000001,0.24227364,2017-09-29 08:00:52 -0400
sell_on_liqui,0.07037287,buy_on_quadrigacx,0.07000001,0.0936324,2017-09-29 08:01:04 -0400
sell_on_poloniex,0.07037001,buy_on_quadrigacx,0.07000001,36.60355816,2017-09-29 08:01:35 -0400
sell_on_poloniex,0.07037001,buy_on_quadrigacx,0.07000001,34.56771668,2017-09-29 08:01:43 -0400
sell_on_poloniex,0.07037001,buy_on_quadrigacx,0.07000001,20.29568007,2017-09-29 08:01:52 -0400
sell_on_poloniex,0.07037001,buy_on_quadrigacx,0.07000001,20.29135654,2017-09-29 08:02:04 -0400
sell_on_poloniex,0.07037002,buy_on_quadrigacx,0.07000001,42.104,2017-09-29 08:02:11 -0400
sell_on_poloniex,0.07037002,buy_on_quadrigacx,0.07000001,39.97556,2017-09-29 08:02:22 -0400
sell_on_poloniex,0.07037002,buy_on_quadrigacx,0.07000001,29.97556,2017-09-29 08:02:30 -0400
sell_on_poloniex,0.07037002,buy_on_quadrigacx,0.07000001,4.58428604,2017-09-29 08:02:44 -0400
sell_on_poloniex,0.07037002,buy_on_quadrigacx,0.07000001,3.45776564,2017-09-29 08:02:59 -0400
sell_on_poloniex,0.07037002,buy_on_quadrigacx,0.07000001,2.72918226,2017-09-29 08:03:11 -0400
sell_on_poloniex,0.07037008,buy_on_quadrigacx,0.07000001,13.73189518,2017-09-29 08:03:19 -0400
sell_on_poloniex,0.07037009,buy_on_quadrigacx,0.07000001,22.37597057,2017-09-29 08:03:27 -0400
sell_on_poloniex,0.07037014,buy_on_quadrigacx,0.07000001,22.37597057,2017-09-29 08:03:35 -0400
sell_on_poloniex,0.07037031,buy_on_quadrigacx,0.07000001,15.38107134,2017-09-29 08:03:48 -0400
sell_on_poloniex,0.07039997,buy_on_quadrigacx,0.07000001,16.16852715,2017-09-29 08:04:01 -0400
sell_on_poloniex,0.07039999,buy_on_quadrigacx,0.07000001,16.75222625,2017-09-29 08:04:10 -0400
sell_on_poloniex,0.07039997,buy_on_quadrigacx,0.07000001,15.58437945,2017-09-29 08:04:21 -0400
sell_on_poloniex,0.07039997,buy_on_quadrigacx,0.07000001,14.68849605,2017-09-29 08:04:35 -0400
sell_on_poloniex,0.07039997,buy_on_quadrigacx,0.07000001,13.45729352,2017-09-29 08:04:50 -0400
sell_on_poloniex,0.07039999,buy_on_quadrigacx,0.07000001,13.50502879,2017-09-29 08:05:01 -0400
sell_on_poloniex,0.07039998,buy_on_quadrigacx,0.07000001,22.93318876,2017-09-29 08:05:09 -0400
sell_on_poloniex,0.07039999,buy_on_quadrigacx,0.07000001,22.93318876,2017-09-29 08:05:16 -0400
sell_on_poloniex,0.07039999,buy_on_quadrigacx,0.07000001,22.93318876,2017-09-29 08:05:26 -0400
sell_on_poloniex,0.07039999,buy_on_quadrigacx,0.07000001,22.93318876,2017-09-29 08:05:33 -0400
sell_on_poloniex,0.07039999,buy_on_quadrigacx,0.07000001,6.56185522,2017-09-29 08:05:43 -0400
sell_on_poloniex,0.07039999,buy_on_quadrigacx,0.07000001,13.40877672,2017-09-29 08:05:57 -0400
sell_on_poloniex,0.07039999,buy_on_quadrigacx,0.07000001,13.40873965,2017-09-29 08:06:07 -0400
sell_on_poloniex,0.07039999,buy_on_quadrigacx,0.07000001,22.93318876,2017-09-29 08:06:20 -0400
sell_on_poloniex,0.07039999,buy_on_quadrigacx,0.07000001,22.81447435,2017-09-29 08:06:28 -0400
sell_on_poloniex,0.07039999,buy_on_quadrigacx,0.07000001,22.81447435,2017-09-29 08:06:38 -0400
sell_on_poloniex,0.07039999,buy_on_quadrigacx,0.07000001,22.73246235,2017-09-29 08:06:51 -0400
sell_on_poloniex,0.07039999,buy_on_quadrigacx,0.07000001,21.73045835,2017-09-29 08:07:02 -0400
sell_on_poloniex,0.07039999,buy_on_quadrigacx,0.07000001,21.73045835,2017-09-29 08:07:10 -0400
sell_on_poloniex,0.07039999,buy_on_quadrigacx,0.07000001,18.03628227,2017-09-29 08:07:21 -0400
sell_on_poloniex,0.07039999,buy_on_quadrigacx,0.07000001,18.03628227,2017-09-29 08:07:30 -0400
sell_on_poloniex,0.07039999,buy_on_quadrigacx,0.07000001,14.99934659,2017-09-29 08:07:43 -0400
sell_on_poloniex,0.07039999,buy_on_quadrigacx,0.07000001,14.99934659,2017-09-29 08:07:50 -0400
sell_on_poloniex,0.07039999,buy_on_quadrigacx,0.07000001,5.55315755,2017-09-29 08:08:04 -0400
sell_on_poloniex,0.07039999,buy_on_quadrigacx,0.07000001,5.11357996,2017-09-29 08:08:17 -0400
sell_on_poloniex,0.07039999,buy_on_quadrigacx,0.07000001,5.11357996,2017-09-29 08:08:25 -0400
sell_on_poloniex,0.07039999,buy_on_quadrigacx,0.07000001,5.49085271,2017-09-29 08:08:32 -0400
sell_on_poloniex,0.07039999,buy_on_quadrigacx,0.07000001,5.49085271,2017-09-29 08:08:39 -0400
sell_on_poloniex,0.07039999,buy_on_quadrigacx,0.07000001,5.03934578,2017-09-29 08:08:48 -0400
sell_on_poloniex,0.07039999,buy_on_quadrigacx,0.07000001,4.8810426,2017-09-29 08:09:00 -0400
sell_on_poloniex,0.07039999,buy_on_quadrigacx,0.07000001,4.68306282,2017-09-29 08:09:08 -0400
sell_on_poloniex,0.07039999,buy_on_quadrigacx,0.07000001,5.14624351,2017-09-29 08:09:20 -0400
sell_on_poloniex,0.07039999,buy_on_quadrigacx,0.07000001,0.71753734,2017-09-29 08:09:29 -0400
sell_on_poloniex,0.07039999,buy_on_quadrigacx,0.07000001,2.14528173,2017-09-29 08:09:41 -0400
sell_on_poloniex,0.07037031,buy_on_quadrigacx,0.07000001,2.84677455,2017-09-29 08:09:50 -0400
sell_on_poloniex,0.0703703,buy_on_quadrigacx,0.07000001,0.1421054,2017-09-29 08:09:59 -0400
sell_on_poloniex,0.0703703,buy_on_quadrigacx,0.07000001,0.12817515,2017-09-29 08:10:13 -0400
sell_on_poloniex,0.0703703,buy_on_quadrigacx,0.07000001,0.12817515,2017-09-29 08:10:21 -0400
sell_on_poloniex,0.07039961,buy_on_quadrigacx,0.07000001,0.11383761,2017-09-29 08:14:37 -0400
sell_on_poloniex,0.07039961,buy_on_quadrigacx,0.07000001,0.72695486,2017-09-29 08:14:47 -0400
sell_on_poloniex,0.07039989,buy_on_quadrigacx,0.07000001,10.99133059,2017-09-29 08:15:00 -0400
sell_on_poloniex,0.07039983,buy_on_quadrigacx,0.07000001,0.014343,2017-09-29 08:15:08 -0400
sell_on_poloniex,0.07039967,buy_on_quadrigacx,0.07000001,10.99133059,2017-09-29 08:15:16 -0400
sell_on_poloniex,0.07039975,buy_on_quadrigacx,0.07000001,10.60911793,2017-09-29 08:15:28 -0400
sell_on_poloniex,0.07039976,buy_on_quadrigacx,0.07000001,10.60911793,2017-09-29 08:15:42 -0400
sell_on_poloniex,0.07039981,buy_on_quadrigacx,0.07000001,10.60911793,2017-09-29 08:15:49 -0400
sell_on_liqui,0.07044899,buy_on_quadrigacx,0.07000001,0.32419918,2017-09-29 08:15:59 -0400
sell_on_liqui,0.07044899,buy_on_quadrigacx,0.07000001,0.32419918,2017-09-29 08:16:12 -0400
sell_on_poloniex,0.07039999,buy_on_quadrigacx,0.07000001,10.52900866,2017-09-29 08:16:24 -0400
sell_on_poloniex,0.07039999,buy_on_quadrigacx,0.07000001,10.52900866,2017-09-29 08:16:36 -0400
sell_on_liqui,0.07054565,buy_on_quadrigacx,0.07000001,0.12865405,2017-09-29 08:16:44 -0400
sell_on_poloniex,0.07039999,buy_on_quadrigacx,0.07000001,10.52900866,2017-09-29 08:16:51 -0400
sell_on_poloniex,0.07039999,buy_on_quadrigacx,0.07000001,10.22840742,2017-09-29 08:17:04 -0400
sell_on_poloniex,0.07039999,buy_on_quadrigacx,0.07000001,10.22840742,2017-09-29 08:17:15 -0400
sell_on_poloniex,0.07039999,buy_on_quadrigacx,0.07000001,1,2017-09-29 08:17:28 -0400
sell_on_poloniex,0.07039999,buy_on_quadrigacx,0.07000001,10.22840742,2017-09-29 08:17:37 -0400
sell_on_poloniex,0.07039999,buy_on_quadrigacx,0.07000001,9.92780618,2017-09-29 08:17:49 -0400
sell_on_poloniex,0.0704006,buy_on_quadrigacx,0.07000001,9.92780618,2017-09-29 08:18:02 -0400
sell_on_poloniex,0.07042011,buy_on_quadrigacx,0.07000001,9.92780618,2017-09-29 08:18:10 -0400
sell_on_poloniex,0.07042025,buy_on_quadrigacx,0.07000001,2.67401297,2017-09-29 08:18:21 -0400
sell_on_poloniex,0.07042039,buy_on_quadrigacx,0.07000001,8.54597327,2017-09-29 08:18:32 -0400
sell_on_poloniex,0.07042043,buy_on_quadrigacx,0.07000001,3.18612131,2017-09-29 08:18:38 -0400
sell_on_poloniex,0.0704205,buy_on_quadrigacx,0.07000001,9.62720494,2017-09-29 08:18:47 -0400
sell_on_poloniex,0.0704206,buy_on_quadrigacx,0.07000001,9.62720494,2017-09-29 08:18:59 -0400
sell_on_poloniex,0.07042069,buy_on_quadrigacx,0.07000001,9.3266037,2017-09-29 08:19:08 -0400
sell_on_poloniex,0.07042084,buy_on_quadrigacx,0.07000001,3.22753974,2017-09-29 08:19:21 -0400
sell_on_poloniex,0.07042094,buy_on_quadrigacx,0.07000001,3.22753974,2017-09-29 08:19:28 -0400
sell_on_poloniex,0.07036043,buy_on_quadrigacx,0.07000001,9.0257615,2017-09-29 08:19:43 -0400
sell_on_poloniex,0.07036042,buy_on_quadrigacx,0.07000001,4.04563165,2017-09-29 08:19:50 -0400
sell_on_poloniex,0.07036043,buy_on_quadrigacx,0.07000001,3.96519159,2017-09-29 08:20:00 -0400
sell_on_poloniex,0.07036046,buy_on_quadrigacx,0.07000001,8.86220246,2017-09-29 08:20:08 -0400
sell_on_poloniex,0.07036354,buy_on_quadrigacx,0.07000001,8.86220246,2017-09-29 08:20:22 -0400
sell_on_poloniex,0.07036437,buy_on_quadrigacx,0.07000001,0.014944,2017-09-29 08:20:30 -0400
sell_on_poloniex,0.07043355,buy_on_quadrigacx,0.07000001,0.014387,2017-09-29 08:20:43 -0400
sell_on_poloniex,0.07043458,buy_on_quadrigacx,0.07000001,0.014257,2017-09-29 08:20:51 -0400
sell_on_poloniex,0.07043566,buy_on_quadrigacx,0.07000001,0.013656,2017-09-29 08:20:58 -0400
sell_on_poloniex,0.07044026,buy_on_quadrigacx,0.07000001,0.014766,2017-09-29 08:21:10 -0400
sell_on_poloniex,0.07044019,buy_on_quadrigacx,0.07000001,4.15311484,2017-09-29 08:21:24 -0400
sell_on_poloniex,0.07049129,buy_on_quadrigacx,0.07000001,0.014496,2017-09-29 08:21:37 -0400
sell_on_poloniex,0.07049177,buy_on_quadrigacx,0.07000001,1.86236691,2017-09-29 08:21:47 -0400
sell_on_liqui,0.07073951,buy_on_poloniex,0.070031,1.119,2017-09-29 10:24:42 -0400
sell_on_liqui,0.07056871,buy_on_poloniex,0.07015824,0.04869903,2017-09-29 10:30:55 -0400
sell_on_liqui,0.07073666,buy_on_poloniex,0.06993588,0.50014456,2017-09-29 10:46:22 -0400
sell_on_liqui,0.07068141,buy_on_poloniex,0.07022101,1.1,2017-09-29 10:54:22 -0400
sell_on_poloniex,0.07010028,buy_on_liqui,0.06969198,0.3464704,2017-09-29 12:04:26 -0400
sell_on_poloniex,0.0701,buy_on_liqui,0.06940404,0.08465766,2017-09-29 12:06:12 -0400
sell_on_poloniex,0.0701,buy_on_liqui,0.069,10.97797525,2017-09-29 12:06:45 -0400
sell_on_poloniex,0.0701,buy_on_liqui,0.06956759,0.23903452,2017-09-29 12:07:09 -0400
sell_on_poloniex,0.07010002,buy_on_liqui,0.0695676,0.11014111,2017-09-29 12:07:23 -0400
sell_on_poloniex,0.0701,buy_on_liqui,0.0695676,0.11014111,2017-09-29 12:07:34 -0400
sell_on_poloniex,0.0701,buy_on_liqui,0.0695676,0.11014111,2017-09-29 12:07:46 -0400
sell_on_poloniex,0.0701,buy_on_liqui,0.06939267,0.08102126,2017-09-29 12:07:55 -0400
sell_on_poloniex,0.0701,buy_on_liqui,0.06958269,0.25235402,2017-09-29 12:08:06 -0400
sell_on_poloniex,0.0701,buy_on_liqui,0.06956652,0.35146381,2017-09-29 12:08:18 -0400
sell_on_poloniex,0.07010011,buy_on_liqui,0.06956651,2.55455601,2017-09-29 12:08:33 -0400
sell_on_poloniex,0.0701,buy_on_liqui,0.06956651,7.35162659,2017-09-29 12:08:43 -0400
sell_on_poloniex,0.0701,buy_on_liqui,0.06956651,0.21895898,2017-09-29 12:08:57 -0400
sell_on_poloniex,0.07009335,buy_on_liqui,0.06972758,0.19440644,2017-09-29 12:09:11 -0400
sell_on_poloniex,0.07009341,buy_on_liqui,0.06972758,0.19440644,2017-09-29 12:09:24 -0400
sell_on_poloniex,0.0700899,buy_on_liqui,0.06972758,0.02853477,2017-09-29 12:09:36 -0400
sell_on_poloniex,0.07010473,buy_on_liqui,0.06972758,0.19440644,2017-09-29 12:09:49 -0400
sell_on_poloniex,0.07014395,buy_on_liqui,0.06972757,0.23903452,2017-09-29 12:10:02 -0400
sell_on_poloniex,0.07014395,buy_on_liqui,0.06972758,0.19440644,2017-09-29 12:10:13 -0400
sell_on_poloniex,0.07014395,buy_on_liqui,0.06972758,0.10313414,2017-09-29 12:10:25 -0400
sell_on_poloniex,0.07018172,buy_on_liqui,0.06981001,0.35004381,2017-09-29 12:10:43 -0400
sell_on_poloniex,0.07018172,buy_on_liqui,0.06981001,0.35004381,2017-09-29 12:10:56 -0400
sell_on_poloniex,0.07018181,buy_on_liqui,0.06981001,0.35004381,2017-09-29 12:11:03 -0400
sell_on_poloniex,0.07018172,buy_on_liqui,0.06981001,0.35004381,2017-09-29 12:11:17 -0400
sell_on_poloniex,0.07018172,buy_on_liqui,0.06981001,0.35004381,2017-09-29 12:11:24 -0400
sell_on_poloniex,0.07018172,buy_on_liqui,0.06981001,0.35004381,2017-09-29 12:11:34 -0400
sell_on_poloniex,0.07018172,buy_on_liqui,0.06981001,0.35004381,2017-09-29 12:11:46 -0400
sell_on_poloniex,0.07018172,buy_on_liqui,0.06981001,0.35004381,2017-09-29 12:11:57 -0400
sell_on_poloniex,0.07018172,buy_on_liqui,0.06981,0.88778541,2017-09-29 12:12:08 -0400
sell_on_poloniex,0.07018172,buy_on_liqui,0.06981,0.88778541,2017-09-29 12:12:17 -0400
sell_on_poloniex,0.07018172,buy_on_liqui,0.06980993,0.03314707,2017-09-29 12:12:27 -0400
sell_on_poloniex,0.07018173,buy_on_liqui,0.06980993,0.03314707,2017-09-29 12:12:34 -0400
sell_on_poloniex,0.0701818,buy_on_liqui,0.06981,13.73189518,2017-09-29 12:12:46 -0400
sell_on_poloniex,0.07018177,buy_on_liqui,0.06981,1.35521655,2017-09-29 12:12:55 -0400
sell_on_poloniex,0.07014748,buy_on_liqui,0.06956652,0.23903453,2017-09-29 12:13:13 -0400
sell_on_poloniex,0.07018177,buy_on_liqui,0.0697415,0.1078143,2017-09-29 12:13:22 -0400
sell_on_poloniex,0.07018177,buy_on_liqui,0.0697415,0.1078143,2017-09-29 12:13:32 -0400
sell_on_poloniex,0.07014748,buy_on_liqui,0.0697415,0.1078143,2017-09-29 12:13:42 -0400
sell_on_poloniex,0.07014748,buy_on_liqui,0.0697415,0.1078143,2017-09-29 12:13:53 -0400
sell_on_poloniex,0.07018,buy_on_liqui,0.06981,0.30124494,2017-09-29 12:14:29 -0400
sell_on_poloniex,0.07018176,buy_on_liqui,0.0698,1.16135702,2017-09-29 12:14:39 -0400
sell_on_poloniex,0.07018176,buy_on_liqui,0.0698,1.11908323,2017-09-29 12:14:50 -0400
sell_on_poloniex,0.0702,buy_on_liqui,0.0698,2,2017-09-29 12:14:57 -0400
sell_on_poloniex,0.0702,buy_on_liqui,0.06956652,0.35121034,2017-09-29 12:15:06 -0400
sell_on_poloniex,0.0702,buy_on_liqui,0.0697484,0.04207421,2017-09-29 12:15:19 -0400
sell_on_poloniex,0.0702,buy_on_liqui,0.0697484,0.04207421,2017-09-29 12:15:32 -0400
sell_on_poloniex,0.0702,buy_on_liqui,0.0698,0.81240326,2017-09-29 12:15:40 -0400
sell_on_poloniex,0.0702,buy_on_liqui,0.0698,0.81240326,2017-09-29 12:15:51 -0400
sell_on_poloniex,0.0702,buy_on_liqui,0.0698,0.71240326,2017-09-29 12:15:58 -0400
sell_on_poloniex,0.07018176,buy_on_liqui,0.06974847,0.1951691,2017-09-29 12:16:07 -0400
sell_on_poloniex,0.07027019,buy_on_liqui,0.06956652,0.00088576,2017-09-29 12:16:18 -0400
sell_on_poloniex,0.07018176,buy_on_liqui,0.06974847,0.07756407,2017-09-29 12:16:29 -0400
sell_on_poloniex,0.07018176,buy_on_liqui,0.06974847,0.07756407,2017-09-29 12:16:38 -0400
sell_on_poloniex,0.0702594,buy_on_liqui,0.0699,11.18024696,2017-09-29 12:19:13 -0400
sell_on_poloniex,0.0702594,buy_on_liqui,0.06989998,2.12951131,2017-09-29 12:19:26 -0400
sell_on_poloniex,0.0702594,buy_on_liqui,0.06989998,2.12951131,2017-09-29 12:19:33 -0400
sell_on_poloniex,0.07025941,buy_on_liqui,0.06989996,0.041064,2017-09-29 12:19:43 -0400
sell_on_poloniex,0.07025941,buy_on_liqui,0.06989996,0.041064,2017-09-29 12:19:56 -0400
sell_on_poloniex,0.07025962,buy_on_liqui,0.06989996,0.09946,2017-09-29 12:20:02 -0400
sell_on_poloniex,0.07026001,buy_on_liqui,0.06989995,14.62609277,2017-09-29 12:20:15 -0400
sell_on_poloniex,0.07026033,buy_on_liqui,0.06989994,0.036111,2017-09-29 12:20:24 -0400
sell_on_poloniex,0.07026022,buy_on_liqui,0.06989995,0.02641,2017-09-29 12:20:37 -0400
sell_on_poloniex,0.07026022,buy_on_liqui,0.06989995,0.02641,2017-09-29 12:20:49 -0400
sell_on_poloniex,0.07025951,buy_on_liqui,0.06989994,0.01691,2017-09-29 12:21:04 -0400
sell_on_poloniex,0.07025951,buy_on_liqui,0.06989994,0.01691,2017-09-29 12:21:10 -0400
sell_on_poloniex,0.07025951,buy_on_liqui,0.06989994,0.01690944,2017-09-29 12:21:20 -0400
sell_on_poloniex,0.07033415,buy_on_liqui,0.06989994,1.5511722,2017-09-29 12:21:32 -0400
sell_on_poloniex,0.07025971,buy_on_liqui,0.06989994,1.5511722,2017-09-29 12:21:41 -0400
sell_on_poloniex,0.07033439,buy_on_liqui,0.06989996,0.014221,2017-09-29 12:21:50 -0400
sell_on_poloniex,0.07037047,buy_on_liqui,0.06981001,0.013854,2017-09-29 12:22:03 -0400
sell_on_poloniex,0.07037048,buy_on_liqui,0.06981001,0.35027883,2017-09-29 12:22:16 -0400
sell_on_poloniex,0.07037048,buy_on_liqui,0.06981001,0.35027883,2017-09-29 12:22:24 -0400
sell_on_poloniex,0.07037048,buy_on_liqui,0.06981001,0.35027883,2017-09-29 12:22:31 -0400
sell_on_poloniex,0.07038244,buy_on_liqui,0.06981001,2.11554769,2017-09-29 12:22:44 -0400
sell_on_poloniex,0.07037048,buy_on_liqui,0.06981001,2.11554769,2017-09-29 12:22:54 -0400
sell_on_poloniex,0.07037048,buy_on_liqui,0.06981107,0.09366038,2017-09-29 12:23:08 -0400
sell_on_poloniex,0.07037048,buy_on_liqui,0.06981107,0.09366038,2017-09-29 12:23:17 -0400
sell_on_poloniex,0.07037048,buy_on_liqui,0.06981107,3.24964497,2017-09-29 12:23:29 -0400
sell_on_poloniex,0.07037048,buy_on_liqui,0.06981107,2.24964497,2017-09-29 12:23:36 -0400
sell_on_poloniex,0.07037048,buy_on_liqui,0.06989996,2.07015176,2017-09-29 12:23:48 -0400
sell_on_poloniex,0.07037048,buy_on_liqui,0.06989996,2.07015176,2017-09-29 12:23:57 -0400
sell_on_poloniex,0.07037048,buy_on_liqui,0.06989996,2.07015176,2017-09-29 12:24:04 -0400
sell_on_poloniex,0.07037048,buy_on_liqui,0.06989996,1.10656676,2017-09-29 12:24:17 -0400
sell_on_poloniex,0.07037048,buy_on_liqui,0.06989996,1.10656676,2017-09-29 12:24:25 -0400
sell_on_poloniex,0.07037048,buy_on_liqui,0.06958269,0.23998636,2017-09-29 12:24:34 -0400
sell_on_poloniex,0.07037048,buy_on_liqui,0.06978361,1.10656676,2017-09-29 12:24:49 -0400
sell_on_poloniex,0.07037048,buy_on_liqui,0.06981001,0.82477155,2017-09-29 12:24:56 -0400
sell_on_poloniex,0.07037048,buy_on_liqui,0.06981001,0.82477155,2017-09-29 12:25:05 -0400
sell_on_poloniex,0.07037053,buy_on_liqui,0.06981001,0.30387725,2017-09-29 12:25:16 -0400
sell_on_poloniex,0.07037053,buy_on_liqui,0.06981001,0.30387725,2017-09-29 12:25:23 -0400
sell_on_poloniex,0.0703774,buy_on_liqui,0.06989996,4.40542412,2017-09-29 12:25:33 -0400
sell_on_poloniex,0.07037741,buy_on_liqui,0.06989995,1.29062652,2017-09-29 12:25:42 -0400
sell_on_poloniex,0.07037741,buy_on_liqui,0.06989996,13.70980132,2017-09-29 12:25:49 -0400
sell_on_poloniex,0.07037741,buy_on_liqui,0.06989996,7.19804612,2017-09-29 12:25:57 -0400
sell_on_poloniex,0.07037744,buy_on_liqui,0.06989996,16.57292231,2017-09-29 12:26:06 -0400
sell_on_poloniex,0.07037751,buy_on_liqui,0.06989996,1.28493174,2017-09-29 12:26:19 -0400
sell_on_poloniex,0.0703776,buy_on_liqui,0.06981001,0.35089213,2017-09-29 12:26:27 -0400
sell_on_poloniex,0.0703777,buy_on_liqui,0.06989996,9.91290708,2017-09-29 12:26:41 -0400
sell_on_poloniex,0.07038004,buy_on_liqui,0.06989996,0.02841686,2017-09-29 12:26:48 -0400
sell_on_poloniex,0.07037,buy_on_liqui,0.06989996,22.7150952,2017-09-29 12:27:00 -0400
sell_on_poloniex,0.07037001,buy_on_liqui,0.06989995,0.78990052,2017-09-29 12:27:08 -0400
sell_on_poloniex,0.07037001,buy_on_liqui,0.06989995,0.74698203,2017-09-29 12:27:22 -0400
sell_on_poloniex,0.07037004,buy_on_liqui,0.06989994,0.28515145,2017-09-29 12:27:36 -0400
sell_on_poloniex,0.07037021,buy_on_liqui,0.06989995,0.03690276,2017-09-29 12:27:44 -0400
sell_on_poloniex,0.07037021,buy_on_liqui,0.06989996,14.90378048,2017-09-29 12:27:58 -0400
sell_on_poloniex,0.07037021,buy_on_liqui,0.06989996,14.90378048,2017-09-29 12:28:11 -0400
sell_on_poloniex,0.0703702,buy_on_liqui,0.06989996,0.64986611,2017-09-29 12:28:24 -0400
sell_on_poloniex,0.07037021,buy_on_liqui,0.0698,1.83857664,2017-09-29 12:28:39 -0400
sell_on_poloniex,0.07037021,buy_on_liqui,0.0698,1.83857664,2017-09-29 12:28:46 -0400
sell_on_poloniex,0.07037021,buy_on_liqui,0.0698,1.83857664,2017-09-29 12:28:55 -0400
sell_on_poloniex,0.0703702,buy_on_liqui,0.0697,0.64986611,2017-09-29 12:29:03 -0400
sell_on_poloniex,0.07037021,buy_on_liqui,0.0697,12.00439455,2017-09-29 12:29:13 -0400
sell_on_poloniex,0.07037021,buy_on_liqui,0.0697,12.00106846,2017-09-29 12:29:22 -0400
sell_on_poloniex,0.07037021,buy_on_liqui,0.0697,12.00106846,2017-09-29 12:29:33 -0400
sell_on_poloniex,0.0703702,buy_on_liqui,0.0697,0.64986611,2017-09-29 12:29:46 -0400
sell_on_poloniex,0.07037021,buy_on_liqui,0.0697,5.99047512,2017-09-29 12:29:54 -0400
sell_on_poloniex,0.07037021,buy_on_liqui,0.0697,1.72951347,2017-09-29 12:30:06 -0400
sell_on_poloniex,0.07037,buy_on_liqui,0.0697,24.26901323,2017-09-29 12:30:18 -0400
sell_on_poloniex,0.07037,buy_on_liqui,0.0697,24.26901323,2017-09-29 12:30:30 -0400
sell_on_poloniex,0.07037,buy_on_liqui,0.0697,24.26901323,2017-09-29 12:30:39 -0400
sell_on_poloniex,0.07037,buy_on_liqui,0.0697,26.06454826,2017-09-29 12:30:52 -0400
sell_on_poloniex,0.07037,buy_on_liqui,0.0697,25.80369004,2017-09-29 12:31:05 -0400
sell_on_poloniex,0.07037,buy_on_liqui,0.0697,25.6196232,2017-09-29 12:31:16 -0400
sell_on_poloniex,0.07037,buy_on_liqui,0.0697,25.6196232,2017-09-29 12:31:29 -0400
sell_on_poloniex,0.07037,buy_on_liqui,0.0697,23.73800495,2017-09-29 12:31:40 -0400
sell_on_poloniex,0.07037,buy_on_liqui,0.06965,1.83857664,2017-09-29 12:31:48 -0400
sell_on_poloniex,0.07037,buy_on_liqui,0.06965,1.83857664,2017-09-29 12:31:59 -0400
sell_on_poloniex,0.07037,buy_on_liqui,0.06965,0.40385642,2017-09-29 12:32:10 -0400
sell_on_poloniex,0.07037,buy_on_liqui,0.06965,0.22441304,2017-09-29 12:32:22 -0400
sell_on_poloniex,0.07037,buy_on_liqui,0.0697,19.87633477,2017-09-29 12:32:30 -0400
sell_on_poloniex,0.07037,buy_on_liqui,0.0697,19.7296458,2017-09-29 12:32:43 -0400
sell_on_poloniex,0.07037,buy_on_liqui,0.0697,19.7296458,2017-09-29 12:32:51 -0400
sell_on_poloniex,0.07037,buy_on_liqui,0.0697,19.7296458,2017-09-29 12:33:04 -0400
sell_on_poloniex,0.07037,buy_on_liqui,0.0697,19.7296458,2017-09-29 12:33:13 -0400
sell_on_poloniex,0.07037,buy_on_liqui,0.0697,19.68660419,2017-09-29 12:33:26 -0400
sell_on_poloniex,0.07038262,buy_on_liqui,0.0697,0.8,2017-09-29 12:33:38 -0400
sell_on_poloniex,0.07037,buy_on_liqui,0.0697,9.2260623,2017-09-29 12:33:45 -0400
sell_on_poloniex,0.07037,buy_on_liqui,0.0697,8.95446591,2017-09-29 12:33:54 -0400
sell_on_poloniex,0.07037001,buy_on_liqui,0.0699093,0.00142248,2017-09-29 12:34:08 -0400
sell_on_poloniex,0.07037,buy_on_liqui,0.0699093,0.17954971,2017-09-29 12:34:16 -0400
sell_on_poloniex,0.07037,buy_on_liqui,0.0699093,0.17954971,2017-09-29 12:34:27 -0400
sell_on_poloniex,0.07037,buy_on_liqui,0.0699093,0.17954971,2017-09-29 12:34:36 -0400
sell_on_poloniex,0.07037,buy_on_liqui,0.0699093,0.17954971,2017-09-29 12:34:44 -0400
sell_on_poloniex,0.07037,buy_on_liqui,0.0699093,0.17954971,2017-09-29 12:34:56 -0400
sell_on_poloniex,0.07037,buy_on_liqui,0.0699093,0.17954971,2017-09-29 12:35:09 -0400
sell_on_poloniex,0.0703813,buy_on_liqui,0.0699093,0.03328567,2017-09-29 12:35:22 -0400
sell_on_poloniex,0.07037501,buy_on_liqui,0.0699093,0.03328567,2017-09-29 12:35:35 -0400
sell_on_poloniex,0.07037501,buy_on_liqui,0.0699093,0.03328567,2017-09-29 12:35:49 -0400
sell_on_poloniex,0.07037501,buy_on_liqui,0.0699093,0.03328567,2017-09-29 12:35:59 -0400
sell_on_poloniex,0.07037501,buy_on_liqui,0.0699093,0.03328567,2017-09-29 12:36:06 -0400
sell_on_poloniex,0.07037501,buy_on_liqui,0.0699093,0.03328567,2017-09-29 12:36:17 -0400
sell_on_poloniex,0.07038968,buy_on_liqui,0.0699093,0.04472403,2017-09-29 12:36:33 -0400
sell_on_poloniex,0.07037,buy_on_liqui,0.0699093,0.17954971,2017-09-29 12:36:47 -0400
sell_on_poloniex,0.07037,buy_on_liqui,0.0699093,0.17954971,2017-09-29 12:36:58 -0400
sell_on_poloniex,0.07037,buy_on_liqui,0.0699093,0.17954971,2017-09-29 12:37:05 -0400
sell_on_poloniex,0.07040289,buy_on_liqui,0.07003515,0.52844151,2017-09-29 12:42:11 -0400
sell_on_poloniex,0.0704029,buy_on_liqui,0.07003515,0.13310698,2017-09-29 12:42:22 -0400
sell_on_poloniex,0.07037,buy_on_liqui,0.06993096,0.25271686,2017-09-29 12:53:06 -0400
sell_on_poloniex,0.07037,buy_on_liqui,0.06999999,115.5,2017-09-29 12:53:57 -0400
sell_on_poloniex,0.07037,buy_on_liqui,0.06999999,114.94337178,2017-09-29 12:54:08 -0400
sell_on_poloniex,0.07037,buy_on_liqui,0.06999999,115.00273277,2017-09-29 12:54:19 -0400
sell_on_poloniex,0.07037,buy_on_liqui,0.06999998,1.89709559,2017-09-29 12:54:28 -0400
sell_on_poloniex,0.07037,buy_on_liqui,0.06999996,98.42007201,2017-09-29 12:54:38 -0400
sell_on_poloniex,0.07037,buy_on_liqui,0.06999996,96.23552223,2017-09-29 12:54:48 -0400
sell_on_poloniex,0.07037,buy_on_liqui,0.06999996,96.23552223,2017-09-29 12:54:59 -0400
sell_on_poloniex,0.07037,buy_on_liqui,0.0699999,95.53835289,2017-09-29 12:55:08 -0400
sell_on_poloniex,0.07037,buy_on_liqui,0.0699,5.0,2017-09-29 12:55:21 -0400
sell_on_poloniex,0.07037,buy_on_liqui,0.0699,5.0,2017-09-29 12:55:30 -0400
sell_on_poloniex,0.07037,buy_on_liqui,0.0699,5.0,2017-09-29 12:55:40 -0400
sell_on_poloniex,0.07037,buy_on_liqui,0.0699,5.0,2017-09-29 12:55:52 -0400
sell_on_poloniex,0.07037,buy_on_liqui,0.0699,5.0,2017-09-29 12:56:04 -0400
sell_on_poloniex,0.07037,buy_on_liqui,0.0699,5.0,2017-09-29 12:56:16 -0400
sell_on_poloniex,0.07037,buy_on_liqui,0.0699,5.0,2017-09-29 12:56:23 -0400
sell_on_poloniex,0.07037,buy_on_liqui,0.0699,5.0,2017-09-29 12:56:29 -0400
sell_on_poloniex,0.07037,buy_on_liqui,0.0699,5.0,2017-09-29 12:56:37 -0400
sell_on_poloniex,0.07037272,buy_on_liqui,0.0699,5.0,2017-09-29 12:56:46 -0400
sell_on_poloniex,0.07037272,buy_on_liqui,0.0699,5.0,2017-09-29 12:56:56 -0400
sell_on_poloniex,0.07037272,buy_on_liqui,0.0699,4.99232191,2017-09-29 12:57:03 -0400
sell_on_poloniex,0.07037272,buy_on_liqui,0.06989999,0.35045372,2017-09-29 12:57:15 -0400
sell_on_poloniex,0.07037272,buy_on_liqui,0.06989999,0.35045372,2017-09-29 12:57:22 -0400
sell_on_poloniex,0.07037272,buy_on_liqui,0.06989999,0.35045372,2017-09-29 12:57:29 -0400
sell_on_poloniex,0.07037,buy_on_liqui,0.06981001,0.35129136,2017-09-29 12:57:35 -0400
sell_on_poloniex,0.07037,buy_on_liqui,0.06989999,0.35045372,2017-09-29 12:57:43 -0400
sell_on_poloniex,0.07037,buy_on_liqui,0.06989999,0.37184982,2017-09-29 12:57:51 -0400
sell_on_poloniex,0.07037,buy_on_liqui,0.06989998,2.0,2017-09-29 12:58:02 -0400
sell_on_poloniex,0.07037,buy_on_liqui,0.06989998,2.0,2017-09-29 12:58:10 -0400
sell_on_poloniex,0.07037,buy_on_liqui,0.06989998,2.0,2017-09-29 12:58:20 -0400
sell_on_poloniex,0.07037,buy_on_liqui,0.06989998,2.0,2017-09-29 12:58:30 -0400
sell_on_poloniex,0.07037,buy_on_liqui,0.06989998,1.28695596,2017-09-29 12:58:39 -0400
sell_on_poloniex,0.07037,buy_on_liqui,0.06989998,1.09234308,2017-09-29 12:58:52 -0400
sell_on_poloniex,0.07037,buy_on_liqui,0.06989998,1.09234308,2017-09-29 12:58:59 -0400
sell_on_poloniex,0.07037,buy_on_liqui,0.06989998,1.09234308,2017-09-29 12:59:08 -0400
sell_on_poloniex,0.07037,buy_on_liqui,0.06989998,2.89263265,2017-09-29 12:59:17 -0400
sell_on_poloniex,0.07037,buy_on_liqui,0.06989998,2.89263265,2017-09-29 12:59:30 -0400
sell_on_poloniex,0.07037,buy_on_liqui,0.06989998,2.11738446,2017-09-29 12:59:44 -0400
sell_on_poloniex,0.0703727,buy_on_liqui,0.06989998,0.11970011,2017-09-29 12:59:57 -0400
sell_on_poloniex,0.0703727,buy_on_liqui,0.06989998,0.11970011,2017-09-29 13:00:06 -0400
sell_on_poloniex,0.0703727,buy_on_liqui,0.06989998,0.11970011,2017-09-29 13:00:13 -0400
sell_on_poloniex,0.07037,buy_on_liqui,0.06989998,7.11738446,2017-09-29 13:00:20 -0400
sell_on_poloniex,0.07037,buy_on_liqui,0.06989998,7.11738446,2017-09-29 13:00:28 -0400
sell_on_poloniex,0.07037,buy_on_liqui,0.06989998,7.11738446,2017-09-29 13:00:39 -0400
sell_on_poloniex,0.07037,buy_on_liqui,0.06989998,7.11738446,2017-09-29 13:00:53 -0400
sell_on_poloniex,0.07037,buy_on_liqui,0.06989998,7.11738446,2017-09-29 13:01:05 -0400
sell_on_poloniex,0.07037,buy_on_liqui,0.06989998,7.11738446,2017-09-29 13:01:14 -0400
sell_on_poloniex,0.07037,buy_on_liqui,0.06989998,7.11738446,2017-09-29 13:01:22 -0400
sell_on_poloniex,0.07037,buy_on_liqui,0.06989998,7.11738446,2017-09-29 13:01:30 -0400
sell_on_poloniex,0.07037,buy_on_liqui,0.06989998,7.11738446,2017-09-29 13:01:41 -0400
sell_on_poloniex,0.0703763,buy_on_liqui,0.06989998,0.23052079,2017-09-29 13:01:52 -0400
sell_on_poloniex,0.07037,buy_on_liqui,0.06989998,7.11738446,2017-09-29 13:02:08 -0400
sell_on_poloniex,0.07037,buy_on_liqui,0.06989999,1.80577063,2017-09-29 13:02:19 -0400
sell_on_poloniex,0.07037,buy_on_liqui,0.06989999,1.80577063,2017-09-29 13:02:33 -0400
sell_on_poloniex,0.07037001,buy_on_liqui,0.06989998,0.6250627,2017-09-29 13:02:47 -0400
sell_on_poloniex,0.07037001,buy_on_liqui,0.06989998,0.6250627,2017-09-29 13:02:54 -0400
sell_on_poloniex,0.07037001,buy_on_liqui,0.06989998,0.57266674,2017-09-29 13:03:02 -0400
sell_on_poloniex,0.07037,buy_on_liqui,0.06989998,0.57266674,2017-09-29 13:03:09 -0400
sell_on_poloniex,0.07037,buy_on_liqui,0.06989998,0.57266674,2017-09-29 13:03:19 -0400
sell_on_poloniex,0.07037003,buy_on_liqui,0.06989998,0.57266674,2017-09-29 13:03:28 -0400
sell_on_poloniex,0.07037007,buy_on_liqui,0.06989998,3.57266674,2017-09-29 13:03:41 -0400
sell_on_poloniex,0.07037011,buy_on_liqui,0.06989998,3.57266674,2017-09-29 13:03:48 -0400
sell_on_poloniex,0.07037015,buy_on_liqui,0.06989998,3.57266674,2017-09-29 13:04:01 -0400
sell_on_poloniex,0.07037015,buy_on_liqui,0.06989998,3.57266674,2017-09-29 13:04:10 -0400
sell_on_poloniex,0.07037009,buy_on_liqui,0.06989998,3.22753974,2017-09-29 13:04:21 -0400
sell_on_poloniex,0.07043754,buy_on_liqui,0.06989998,0.12743822,2017-09-29 13:04:29 -0400
sell_on_poloniex,0.07043754,buy_on_liqui,0.06989998,0.12743822,2017-09-29 13:04:38 -0400
sell_on_poloniex,0.07043754,buy_on_liqui,0.06989998,0.12743822,2017-09-29 13:04:52 -0400
sell_on_poloniex,0.07043754,buy_on_liqui,0.06989998,0.07348634,2017-09-29 13:05:00 -0400
sell_on_poloniex,0.07043754,buy_on_liqui,0.06989998,0.07348634,2017-09-29 13:05:06 -0400
sell_on_poloniex,0.07043754,buy_on_liqui,0.06989999,0.12743822,2017-09-29 13:05:14 -0400
sell_on_poloniex,0.07043754,buy_on_liqui,0.0699,0.12743822,2017-09-29 13:05:27 -0400
sell_on_poloniex,0.07037076,buy_on_liqui,0.0699,3.22753974,2017-09-29 13:05:40 -0400
sell_on_poloniex,0.07037084,buy_on_liqui,0.0699,1.35100582,2017-09-29 13:05:53 -0400
sell_on_poloniex,0.07037087,buy_on_liqui,0.0699,2.88579766,2017-09-29 13:06:01 -0400
sell_on_poloniex,0.07037,buy_on_liqui,0.0699,4.99232191,2017-09-29 13:06:11 -0400
sell_on_poloniex,0.07037,buy_on_liqui,0.0699,4.99232191,2017-09-29 13:06:19 -0400
sell_on_poloniex,0.07037,buy_on_liqui,0.0699,4.75541683,2017-09-29 13:06:32 -0400
sell_on_poloniex,0.07037,buy_on_liqui,0.0699,4.75541683,2017-09-29 13:06:39 -0400
sell_on_poloniex,0.07037,buy_on_liqui,0.0699,4.75541683,2017-09-29 13:06:47 -0400
sell_on_poloniex,0.07037,buy_on_liqui,0.0699,4.54175911,2017-09-29 13:07:01 -0400
sell_on_poloniex,0.07037,buy_on_liqui,0.0699,4.51490987,2017-09-29 13:07:10 -0400
sell_on_poloniex,0.07037,buy_on_liqui,0.0699,4.51490987,2017-09-29 13:07:19 -0400
sell_on_poloniex,0.07037,buy_on_liqui,0.0699,4.51490987,2017-09-29 13:07:26 -0400
sell_on_poloniex,0.07037,buy_on_liqui,0.0699,4.51490987,2017-09-29 13:07:39 -0400
sell_on_poloniex,0.07037,buy_on_liqui,0.0699,4.51490987,2017-09-29 13:07:49 -0400
sell_on_poloniex,0.07037,buy_on_liqui,0.0699,4.51490987,2017-09-29 13:08:03 -0400
sell_on_poloniex,0.07037,buy_on_liqui,0.0699,4.51490987,2017-09-29 13:08:17 -0400
sell_on_poloniex,0.07037,buy_on_liqui,0.06989993,0.01071352,2017-09-29 13:08:27 -0400
sell_on_poloniex,0.07037,buy_on_liqui,0.06990002,6.60233472,2017-09-29 13:08:38 -0400
sell_on_poloniex,0.07037,buy_on_liqui,0.06990002,4.71761359,2017-09-29 13:08:49 -0400
sell_on_poloniex,0.07037,buy_on_liqui,0.06990002,4.47165689,2017-09-29 13:09:02 -0400
sell_on_poloniex,0.07037,buy_on_liqui,0.06990002,4.47165689,2017-09-29 13:09:14 -0400
sell_on_poloniex,0.07037,buy_on_liqui,0.06990002,4.46132204,2017-09-29 13:09:23 -0400
sell_on_poloniex,0.07037,buy_on_liqui,0.06990002,3.97742966,2017-09-29 13:09:35 -0400
sell_on_poloniex,0.07037,buy_on_liqui,0.06990002,3.97742966,2017-09-29 13:09:42 -0400
sell_on_poloniex,0.07037,buy_on_liqui,0.06990002,3.97742966,2017-09-29 13:09:55 -0400
sell_on_poloniex,0.07037,buy_on_liqui,0.06990002,3.26695139,2017-09-29 13:10:02 -0400
sell_on_poloniex,0.07033485,buy_on_liqui,0.06990002,3.26695139,2017-09-29 13:10:16 -0400
sell_on_poloniex,0.07030006,buy_on_liqui,0.06990002,3.07162053,2017-09-29 13:10:26 -0400
sell_on_poloniex,0.0703,buy_on_liqui,0.06990001,12.3126643,2017-09-29 13:10:37 -0400
sell_on_poloniex,0.0703,buy_on_liqui,0.06990001,11.71294771,2017-09-29 13:10:44 -0400
sell_on_poloniex,0.0703,buy_on_liqui,0.06990001,11.71294771,2017-09-29 13:10:53 -0400
sell_on_poloniex,0.0703,buy_on_liqui,0.06990001,11.71294771,2017-09-29 13:11:05 -0400
sell_on_poloniex,0.0703,buy_on_liqui,0.06990001,11.71294771,2017-09-29 13:11:12 -0400
sell_on_poloniex,0.0703,buy_on_liqui,0.0699,11.71294771,2017-09-29 13:11:24 -0400
sell_on_poloniex,0.0703,buy_on_liqui,0.06989999,11.71294771,2017-09-29 13:11:37 -0400
sell_on_poloniex,0.0703,buy_on_liqui,0.06989999,11.71294771,2017-09-29 13:11:51 -0400
sell_on_poloniex,0.0703,buy_on_liqui,0.06989999,11.71294771,2017-09-29 13:12:03 -0400
sell_on_poloniex,0.0703,buy_on_liqui,0.06989998,0.23363568,2017-09-29 13:12:09 -0400
sell_on_poloniex,0.0703,buy_on_liqui,0.06989998,0.23363568,2017-09-29 13:12:22 -0400
sell_on_poloniex,0.07030001,buy_on_liqui,0.06989998,0.211835,2017-09-29 13:12:35 -0400
sell_on_poloniex,0.07030001,buy_on_liqui,0.06989998,0.211835,2017-09-29 13:12:44 -0400
sell_on_poloniex,0.0703,buy_on_liqui,0.06989998,11.55950364,2017-09-29 13:12:56 -0400
sell_on_poloniex,0.0703,buy_on_liqui,0.06989997,11.55950364,2017-09-29 13:13:04 -0400
sell_on_poloniex,0.07026571,buy_on_liqui,0.06989997,0.0143,2017-09-29 13:13:12 -0400
sell_on_poloniex,0.07026571,buy_on_liqui,0.06989997,0.0143,2017-09-29 13:13:20 -0400
sell_on_poloniex,0.07026571,buy_on_liqui,0.06989997,0.0143,2017-09-29 13:13:33 -0400
sell_on_poloniex,0.07026571,buy_on_liqui,0.06989997,0.0143,2017-09-29 13:13:40 -0400
sell_on_poloniex,0.07026571,buy_on_liqui,0.06989997,0.0143,2017-09-29 13:13:52 -0400
sell_on_poloniex,0.07026571,buy_on_liqui,0.06989997,0.0143,2017-09-29 13:14:03 -0400
sell_on_poloniex,0.07025965,buy_on_liqui,0.06989,0.03768738,2017-09-29 13:14:16 -0400
sell_on_poloniex,0.0702012,buy_on_liqui,0.06981,0.177068,2017-09-29 13:14:57 -0400
sell_on_poloniex,0.07023609,buy_on_liqui,0.06981,0.49132726,2017-09-29 13:15:46 -0400
sell_on_poloniex,0.07023609,buy_on_liqui,0.06981,0.41484024,2017-09-29 13:15:53 -0400
sell_on_quadrigacx,0.07,buy_on_liqui,0.06896197,0.05716507,2017-09-29 13:44:56 -0400
sell_on_poloniex,0.07009791,buy_on_liqui,0.06958269,0.24817289,2017-09-29 13:46:05 -0400
sell_on_poloniex,0.07009791,buy_on_liqui,0.06965459,0.24576649,2017-09-29 13:46:59 -0400
sell_on_quadrigacx,0.07,buy_on_liqui,0.06963374,0.1695459,2017-09-29 13:53:06 -0400
sell_on_quadrigacx,0.07,buy_on_liqui,0.06956976,1.96138893,2017-09-29 13:54:18 -0400
sell_on_quadrigacx,0.07,buy_on_liqui,0.06941017,0.1735769,2017-09-29 13:54:31 -0400
sell_on_quadrigacx,0.07,buy_on_liqui,0.06941017,0.1735769,2017-09-29 13:54:39 -0400
sell_on_quadrigacx,0.07,buy_on_liqui,0.06956652,0.35245087,2017-09-29 13:56:32 -0400
sell_on_quadrigacx,0.07,buy_on_liqui,0.06956652,0.33970792,2017-09-29 13:57:31 -0400
sell_on_quadrigacx,0.07,buy_on_liqui,0.06956651,0.64152274,2017-09-29 13:58:00 -0400
sell_on_quadrigacx,0.07,buy_on_liqui,0.06956652,0.35259048,2017-09-29 13:58:41 -0400
sell_on_quadrigacx,0.07,buy_on_liqui,0.06956652,0.35259048,2017-09-29 13:58:51 -0400
sell_on_poloniex,0.07000456,buy_on_liqui,0.06958269,0.24607433,2017-09-29 13:59:21 -0400
sell_on_quadrigacx,0.07,buy_on_liqui,0.06958269,0.22857233,2017-09-29 13:59:31 -0400
sell_on_quadrigacx,0.07,buy_on_liqui,0.06958269,0.13650833,2017-09-29 13:59:41 -0400
sell_on_poloniex,0.07001682,buy_on_liqui,0.06958269,0.13650833,2017-09-29 13:59:53 -0400
sell_on_poloniex,0.07001685,buy_on_liqui,0.06958269,0.13650833,2017-09-29 13:59:59 -0400
sell_on_poloniex,0.07002003,buy_on_liqui,0.06958269,0.13650833,2017-09-29 14:00:07 -0400
sell_on_poloniex,0.07002013,buy_on_liqui,0.06958269,0.13650833,2017-09-29 14:00:16 -0400
sell_on_poloniex,0.07004009,buy_on_liqui,0.06965328,0.18210466,2017-09-29 14:01:15 -0400
sell_on_poloniex,0.07004017,buy_on_liqui,0.06965328,0.18210466,2017-09-29 14:01:28 -0400
sell_on_poloniex,0.07004024,buy_on_liqui,0.06965328,0.18210466,2017-09-29 14:01:40 -0400
sell_on_poloniex,0.07004024,buy_on_liqui,0.06965328,0.18210466,2017-09-29 14:01:51 -0400
sell_on_poloniex,0.07015,buy_on_liqui,0.06979257,0.71320546,2017-09-29 14:04:23 -0400
sell_on_poloniex,0.07015,buy_on_liqui,0.06979257,0.68630316,2017-09-29 14:04:34 -0400
sell_on_poloniex,0.07015,buy_on_liqui,0.06979257,0.68630316,2017-09-29 14:04:42 -0400
sell_on_poloniex,0.07015002,buy_on_liqui,0.06979257,0.00198112,2017-09-29 14:04:56 -0400
sell_on_poloniex,0.07015003,buy_on_liqui,0.06979257,0.00198112,2017-09-29 14:05:04 -0400
sell_on_poloniex,0.07015004,buy_on_liqui,0.06979257,0.00198112,2017-09-29 14:05:14 -0400
sell_on_poloniex,0.07015,buy_on_liqui,0.06979257,1.2e-07,2017-09-29 14:05:23 -0400
sell_on_poloniex,0.07015,buy_on_liqui,0.06979257,1.2e-07,2017-09-29 14:05:37 -0400
sell_on_poloniex,0.070104,buy_on_liqui,0.06930056,0.19314916,2017-09-29 14:12:13 -0400
sell_on_poloniex,0.07020055,buy_on_liqui,0.06981001,0.27833205,2017-09-29 14:19:36 -0400
sell_on_poloniex,0.07020129,buy_on_liqui,0.06981001,0.27833205,2017-09-29 14:19:49 -0400
sell_on_poloniex,0.07020129,buy_on_liqui,0.06981001,0.27833205,2017-09-29 14:19:58 -0400
sell_on_poloniex,0.0703,buy_on_liqui,0.0694447,0.11560806,2017-09-29 14:25:13 -0400
sell_on_poloniex,0.07033856,buy_on_liqui,0.06992457,0.12384785,2017-09-29 14:34:57 -0400
sell_on_poloniex,0.07033856,buy_on_liqui,0.06992456,0.08389024,2017-09-29 14:35:05 -0400
sell_on_poloniex,0.07033935,buy_on_liqui,0.06992456,1.0274768,2017-09-29 14:35:13 -0400
sell_on_poloniex,0.07030081,buy_on_liqui,0.06992456,1.96477451,2017-09-29 14:35:23 -0400
sell_on_poloniex,0.07030084,buy_on_liqui,0.06992457,0.13446941,2017-09-29 14:35:34 -0400
sell_on_poloniex,0.07030084,buy_on_liqui,0.06992457,0.13446941,2017-09-29 14:35:42 -0400
sell_on_poloniex,0.07030084,buy_on_liqui,0.06992457,0.13446941,2017-09-29 14:35:53 -0400
sell_on_poloniex,0.07030087,buy_on_liqui,0.06992456,1.94476562,2017-09-29 14:36:04 -0400
sell_on_poloniex,0.07030087,buy_on_liqui,0.06992456,1.94476562,2017-09-29 14:36:10 -0400
sell_on_poloniex,0.0703009,buy_on_liqui,0.06992456,1.94476562,2017-09-29 14:36:20 -0400
sell_on_poloniex,0.07030093,buy_on_liqui,0.06992456,1.94476562,2017-09-29 14:36:29 -0400
sell_on_poloniex,0.07030096,buy_on_liqui,0.06992456,1.94476562,2017-09-29 14:36:39 -0400
sell_on_poloniex,0.07033937,buy_on_liqui,0.06992456,1.94476562,2017-09-29 14:36:51 -0400
sell_on_liqui,0.07075158,buy_on_poloniex,0.0702497,0.60780163,2017-09-29 16:42:52 -0400
sell_on_poloniex,0.07013299,buy_on_liqui,0.06963671,13.48871284,2017-09-29 17:14:58 -0400
sell_on_poloniex,0.07013299,buy_on_liqui,0.06963671,2.0568006,2017-09-29 17:15:10 -0400
sell_on_liqui,0.07063893,buy_on_poloniex,0.0702683,0.2194624,2017-09-29 20:40:42 -0400
sell_on_poloniex,0.07052003,buy_on_liqui,0.07007026,1.10165524,2017-09-29 22:49:34 -0400
sell_on_poloniex,0.0705201,buy_on_liqui,0.07004676,0.13605709,2017-09-29 22:51:40 -0400
sell_on_liqui,0.07112943,buy_on_poloniex,0.07056334,1.94903976,2017-09-30 00:02:31 -0400
sell_on_poloniex,0.07051024,buy_on_liqui,0.07012473,10.55209972,2017-09-30 00:16:03 -0400
sell_on_poloniex,0.07051024,buy_on_liqui,0.07012473,10.55209972,2017-09-30 00:16:15 -0400
sell_on_poloniex,0.07051027,buy_on_liqui,0.07012473,5.53782849,2017-09-30 00:16:24 -0400
